TIMESTAMP,BOT,TICKER,ACTION,AMOUNT,PRICE,TOTAL
2026-01-09 20:39:02.015839,random_bot,BBAI,BUY,3210,6.23,19998.300000000003
2026-01-09 20:39:02.159960,random_bot,PLUG,BUY,8863,2.2113,19598.7519
2026-01-09 20:39:02.210542,random_bot,RKT,BUY,846,22.7041,19207.6686
2026-01-09 20:39:02.226396,random_bot,AAL,BUY,1184,15.895,18819.68
2026-01-09 20:39:02.237885,random_bot,NFLX,BUY,207,89.075,18438.525
2026-01-09 20:39:02.283334,random_bot,SMR,BUY,881,20.519,18077.238999999998
2026-01-09 20:39:02.303118,random_bot,TSLA,BUY,39,445.82,17386.98
2026-01-09 20:39:02.340612,random_bot,ACHR,BUY,1981,8.7666,17366.6346
2026-01-09 20:39:02.376824,random_bot,F,BUY,1201,14.165,17012.164999999997
2026-01-09 20:39:02.389146,random_bot,UWMC,BUY,3162,5.275,16679.550000000003
2026-01-09 20:39:02.404099,random_bot,DNN,BUY,4981,3.2821,16348.140099999999
2026-01-09 20:39:02.462096,random_bot,IREN,BUY,343,46.7,16018.1
2026-01-09 20:39:02.563546,random_bot,QBTS,BUY,543,28.88,15681.84
2026-01-09 20:39:02.605908,random_bot,NIO,BUY,3284,4.685,15385.539999999999
2026-01-09 20:39:02.624154,random_bot,SNAP,BUY,1832,8.23,15077.36
2026-01-09 20:39:02.637616,random_bot,BMNR,BUY,485,30.4437,14765.1945
2026-01-09 20:39:02.668648,random_bot,NOK,BUY,2238,6.47,14479.859999999999
2026-01-09 20:39:02.709084,random_bot,GRAB,BUY,2905,4.885,14190.925
2026-01-09 20:39:02.709382,random_bot,MARA,BUY,1362,10.205,13899.210000000001
2026-01-09 20:39:02.741329,random_bot,SMCI,BUY,446,30.545,13623.070000000002
2026-01-09 20:39:02.820152,random_bot,RKLB,BUY,156,85.1805,13288.158
2026-01-09 20:39:02.821044,ema_crossover_bot,PLUG,BUY,9044,2.2113,19998.9972
2026-01-09 20:39:02.833115,ema_crossover_bot,APLD,BUY,519,37.7,19566.300000000003
2026-01-09 20:39:02.833412,random_bot,PFE,BUY,514,25.425,13068.45
2026-01-09 20:39:02.856117,random_bot,CRWV,BUY,160,79.93,12788.800000000001
2026-01-09 20:39:02.856178,ema_crossover_bot,NFLX,BUY,215,89.075,19151.125
2026-01-09 20:39:02.872892,ema_crossover_bot,TSLA,BUY,42,445.82,18724.44
2026-01-09 20:39:02.894714,ema_crossover_bot,NIO,BUY,3938,4.685,18449.53
2026-01-09 20:39:02.894959,random_bot,MU,BUY,36,343.5,12366.0
2026-01-09 20:39:02.906876,ema_crossover_bot,PLTR,BUY,101,177.65,17942.65
2026-01-09 20:39:02.910415,random_bot,MSTR,BUY,78,157.91,12316.98
2026-01-09 20:39:02.933872,random_bot,VALE,BUY,864,13.975,12074.4
2026-01-09 20:39:02.935517,ema_crossover_bot,AAPL,BUY,68,259.93,17675.24
2026-01-09 20:39:02.944055,random_bot,ASTS,BUY,119,98.69,11744.11
2026-01-09 20:39:02.963727,random_bot,AMZN,BUY,47,246.73,11596.31
2026-01-09 20:39:02.970659,random_bot,ONDS,BUY,809,14.0502,11366.6118
2026-01-09 20:39:02.995344,ema_crossover_bot,NVO,BUY,293,59.1146,17320.5778
2026-01-09 20:39:03.003896,ema_crossover_bot,PFE,BUY,669,25.425,17009.325
2026-01-09 20:39:03.018968,ema_crossover_bot,MU,BUY,48,343.5,16488.0
2026-01-09 20:39:03.019049,random_bot,NVTS,BUY,1103,10.1054,11146.2562
2026-01-09 20:39:03.066952,ema_crossover_bot,AMZN,BUY,66,246.73,16284.179999999998
2026-01-09 20:39:03.067022,random_bot,ORCL,BUY,54,199.145,10753.83
2026-01-09 20:39:03.087692,random_bot,HIMS,BUY,330,32.3899,10688.667
2026-01-09 20:39:03.090114,ema_crossover_bot,ORCL,BUY,80,199.145,15931.6
2026-01-09 20:39:03.125715,ema_crossover_bot,GOOGL,BUY,47,330.04,15511.880000000001
2026-01-09 20:39:03.126105,random_bot,CIFR,BUY,629,16.685,10494.865
2026-01-09 20:39:03.142403,ema_crossover_bot,CDE,BUY,755,20.375,15383.125
2026-01-09 20:39:03.142508,random_bot,BBD,BUY,2968,3.465,10284.119999999999
2026-01-09 20:39:03.172854,random_bot,PSLV,BUY,380,26.47,10058.6
2026-01-09 20:39:03.176770,ema_crossover_bot,VZ,BUY,371,40.675,15090.425
2026-01-09 20:39:03.176880,random_bot,YMM,BUY,947,10.425,9872.475
2026-01-09 20:39:03.189726,ema_crossover_bot,T,BUY,612,24.1599,14785.8588
2026-01-09 20:39:03.189781,random_bot,GOOGL,BUY,29,330.04,9571.16
2026-01-09 20:39:03.207111,random_bot,AG,BUY,503,18.845,9479.035
2026-01-09 20:39:03.207364,ema_crossover_bot,SNDK,BUY,38,378.54,14384.52
2026-01-09 20:39:03.217113,random_bot,HPE,BUY,417,22.2551,9280.376699999999
2026-01-09 20:39:03.232521,random_bot,CLF,BUY,714,12.755,9107.07
2026-01-09 20:39:03.232658,ema_crossover_bot,AVGO,BUY,41,346.235,14195.635
2026-01-09 20:39:03.246310,ema_crossover_bot,CMCSA,BUY,489,28.455,13914.494999999999
2026-01-09 20:39:03.255983,random_bot,SNDK,BUY,23,378.54,8706.42
2026-01-09 20:39:03.271888,random_bot,NKE,BUY,133,65.535,8716.154999999999
2026-01-09 20:39:03.272020,ema_crossover_bot,GOOG,BUY,41,330.8,13562.800000000001
2026-01-09 20:39:03.310917,ema_crossover_bot,NVDA,BUY,71,186.025,13207.775
2026-01-09 20:39:03.314143,random_bot,HOOD,BUY,74,115.67,8559.58
2026-01-09 20:39:03.314434,ema_crossover_bot,LRCX,BUY,60,218.17,13090.199999999999
2026-01-09 20:39:03.315465,random_bot,HBAN,BUY,461,18.225,8401.725
2026-01-09 20:39:03.316559,ema_crossover_bot,MSFT,BUY,26,478.87,12450.62
2026-01-09 20:39:03.318096,random_bot,WMT,BUY,71,114.87,8155.77
2026-01-09 20:39:03.322038,random_bot,HL,BUY,359,22.4694,8066.5146
2026-01-09 20:39:03.334447,random_bot,AVGO,BUY,22,346.235,7617.17
2026-01-09 20:39:03.338254,random_bot,WULF,BUY,600,12.945,7767.0
2026-01-09 20:39:03.348295,random_bot,AUR,BUY,1607,4.735,7609.145
2026-01-09 20:39:03.361103,random_bot,KO,BUY,106,70.325,7454.450000000001
2026-01-09 20:39:03.362602,random_bot,STLA,BUY,675,10.825,7306.874999999999
2026-01-09 20:39:03.373289,macd_crossover_bot,RKT,BUY,880,22.7041,19979.608
2026-01-09 20:39:03.373346,random_bot,NLY,BUY,307,23.335,7163.845
2026-01-09 20:39:03.376993,random_bot,UUUU,BUY,386,18.1566,7008.4476
2026-01-09 20:39:03.383720,macd_crossover_bot,UWMC,BUY,3715,5.275,19596.625
2026-01-09 20:39:03.388496,random_bot,SLB,BUY,153,44.805,6855.165
2026-01-09 20:39:03.389975,macd_crossover_bot,WBD,BUY,664,28.885,19179.64
2026-01-09 20:39:03.405372,random_bot,IBRX,BUY,2857,2.36,6742.5199999999995
2026-01-09 20:39:03.415708,macd_crossover_bot,KVUE,BUY,1117,16.845,18815.864999999998
2026-01-09 20:39:03.419458,random_bot,OPEN,BUY,890,7.4203,6604.067
2026-01-09 20:39:03.436121,macd_crossover_bot,SMCI,BUY,603,30.545,18418.635000000002
2026-01-09 20:39:03.436208,random_bot,INTC,BUY,143,45.215,6465.745000000001
2026-01-09 20:39:03.440704,macd_crossover_bot,NVTS,BUY,1789,10.1054,18078.5606
2026-01-09 20:39:03.441016,macd_crossover_bot,EOSE,BUY,1182,14.985,17712.27
2026-01-09 20:39:03.441569,macd_crossover_bot,WMT,BUY,151,114.87,17345.37
2026-01-09 20:39:03.443389,macd_crossover_bot,HL,BUY,757,22.4694,17009.3358
2026-01-09 20:39:03.443837,macd_crossover_bot,HPQ,BUY,786,21.195,16659.27
2026-01-09 20:39:03.444223,macd_crossover_bot,FCX,BUY,289,56.52,16334.28
2026-01-09 20:39:03.444727,macd_crossover_bot,LUNR,BUY,830,19.29,16010.699999999999
2026-01-09 20:39:03.451409,macd_crossover_bot,INTC,BUY,347,45.215,15689.605000000001
2026-01-09 20:39:04.584787,sma_crossover_bot,PLUG,BUY,9044,2.2113,19998.9972
2026-01-09 20:39:04.585195,sma_crossover_bot,TSLA,BUY,43,445.82,19170.26
2026-01-09 20:39:04.585517,sma_crossover_bot,WBD,BUY,665,28.885,19208.525
2026-01-09 20:39:04.585779,sma_crossover_bot,NIO,BUY,4019,4.685,18829.015
2026-01-09 20:39:04.586100,sma_crossover_bot,KVUE,BUY,1095,16.845,18445.274999999998
2026-01-09 20:39:04.586375,sma_crossover_bot,NVO,BUY,305,59.1146,18029.953
2026-01-09 20:39:04.586504,sma_crossover_bot,AMZN,BUY,71,246.73,17517.829999999998
2026-01-09 20:39:04.586699,sma_crossover_bot,NVTS,BUY,1719,10.1054,17371.1826
2026-01-09 20:39:04.586837,sma_crossover_bot,CMCSA,BUY,598,28.455,17016.09
2026-01-09 20:39:04.586968,sma_crossover_bot,FCX,BUY,295,56.52,16673.4
2026-01-09 20:39:04.587075,sma_crossover_bot,LRCX,BUY,74,218.17,16144.58
2026-01-09 20:39:04.587198,sma_crossover_bot,INTC,BUY,354,45.215,16006.11
2026-01-09 20:40:01.977491,random_bot,INTC,SELL,143,45.1999,6463.5857
2026-01-09 20:40:02.049487,random_bot,TSLA,SELL,39,445.34,17368.26
2026-01-09 20:40:02.058961,random_bot,F,SELL,1201,14.165,17012.164999999997
2026-01-09 20:40:02.221074,random_bot,NVDA,BUY,34,186.035,6325.19
2026-01-09 20:40:02.270943,up_down_bot,NVDA,BUY,107,186.035,19905.745
2026-01-09 20:40:02.335084,random_bot,PLUG,SELL,8863,2.2145,19627.1135
2026-01-09 20:40:02.382118,up_down_bot,PLUG,BUY,8851,2.2145,19600.539500000003
2026-01-09 20:40:02.388344,up_down_bot,RKT,BUY,845,22.725,19202.625
2026-01-09 20:40:02.418445,tmf_bot,INTC,BUY,442,45.1999,19978.3558
2026-01-09 20:40:02.481602,random_bot,RKT,SELL,846,22.725,19225.350000000002
2026-01-09 20:40:02.495575,up_down_bot,AAL,BUY,1184,15.9,18825.600000000002
2026-01-09 20:40:02.497198,random_bot,APLD,BUY,165,37.4799,6184.1835
2026-01-09 20:40:02.497373,tmf_bot,BBAI,BUY,3148,6.225,19596.3
2026-01-09 20:40:02.513574,random_bot,BBAI,SELL,3210,6.225,19982.25
2026-01-09 20:40:02.542170,up_down_bot,BMNR,BUY,605,30.445,18419.225
2026-01-09 20:40:02.616397,up_down_bot,WBD,BUY,625,28.895,18059.375
2026-01-09 20:40:02.648676,tmf_bot,NFLX,BUY,215,89.0645,19148.8675
2026-01-09 20:40:02.648729,up_down_bot,AGNC,BUY,1545,11.465,17713.425
2026-01-09 20:40:02.672970,tmf_bot,ACHR,BUY,2147,8.7666,18821.8902
2026-01-09 20:40:02.673014,up_down_bot,PLTR,BUY,97,177.6883,17235.7651
2026-01-09 20:40:02.711302,up_down_bot,SMCI,BUY,556,30.5799,17002.4244
2026-01-09 20:40:02.746836,tmf_bot,SMR,BUY,899,20.5034,18432.5566
2026-01-09 20:40:02.765098,up_down_bot,VALE,BUY,1193,13.9774,16675.0382
2026-01-09 20:40:02.765447,rsi_bot,BBD,BUY,5763,3.47,19997.61
2026-01-09 20:40:02.780440,tmf_bot,OKLO,BUY,172,104.62,17994.64
2026-01-09 20:40:02.837446,tmf_bot,RGTI,BUY,705,25.1036,17698.038
2026-01-09 20:40:02.845546,up_down_bot,NOK,BUY,2524,6.475,16342.9
2026-01-09 20:40:02.892201,tmf_bot,UWMC,BUY,3298,5.265,17363.969999999998
2026-01-09 20:40:02.914247,up_down_bot,CRWV,BUY,200,79.97,15994.0
2026-01-09 20:40:02.941368,up_down_bot,ORCL,BUY,78,199.23,15539.939999999999
2026-01-09 20:40:02.981785,up_down_bot,AMZN,BUY,62,246.825,15303.15
2026-01-09 20:40:02.988381,tmf_bot,QBTS,BUY,589,28.875,17007.375
2026-01-09 20:40:03.037651,tmf_bot,NIO,BUY,3560,4.685,16678.6
2026-01-09 20:40:03.039827,up_down_bot,BBD,BUY,4346,3.47,15080.62
2026-01-09 20:40:03.047219,random_bot,ACHR,SELL,1981,8.7666,17366.6346
2026-01-09 20:40:03.081739,up_down_bot,NU,BUY,849,17.4003,14772.854700000002
2026-01-09 20:40:03.085637,random_bot,SMR,SELL,881,20.5034,18063.4954
2026-01-09 20:40:03.085694,tmf_bot,SOUN,BUY,1387,11.7842,16344.6854
2026-01-09 20:40:03.094390,random_bot,OKLO,BUY,58,104.62,6067.96
2026-01-09 20:40:03.130436,tmf_bot,AGNC,BUY,1397,11.465,16016.605
2026-01-09 20:40:03.130554,up_down_bot,CLSK,BUY,1238,11.695,14478.41
2026-01-09 20:40:03.130677,random_bot,SNAP,SELL,1832,8.225,15068.199999999999
2026-01-09 20:40:03.179664,up_down_bot,BAC,BUY,253,56.0754,14187.076200000001
2026-01-09 20:40:03.198705,tmf_bot,JOBY,BUY,1020,15.3901,15697.902
2026-01-09 20:40:03.248403,up_down_bot,VZ,BUY,341,40.695,13876.995
2026-01-09 20:40:03.260553,random_bot,SOFI,BUY,217,27.42,5950.14
2026-01-09 20:40:03.306610,up_down_bot,GOOGL,BUY,41,330.17,13536.970000000001
2026-01-09 20:40:03.327439,random_bot,BMNR,SELL,485,30.445,14765.825
2026-01-09 20:40:03.365106,tmf_bot,MSTR,BUY,97,157.89,15315.329999999998
2026-01-09 20:40:03.375628,tmf_bot,NOK,BUY,2328,6.475,15073.8
2026-01-09 20:40:03.394280,random_bot,WBD,BUY,202,28.895,5836.79
2026-01-09 20:40:03.394402,up_down_bot,HPE,BUY,599,22.275,13342.724999999999
2026-01-09 20:40:03.422162,random_bot,AGNC,BUY,500,11.465,5732.5
2026-01-09 20:40:03.455459,tmf_bot,RIG,BUY,3506,4.2143,14775.335799999999
2026-01-09 20:40:03.476534,up_down_bot,NKE,BUY,199,65.545,13043.455
2026-01-09 20:40:03.476579,tmf_bot,RKLB,BUY,170,85.05,14458.5
2026-01-09 20:40:03.484861,random_bot,PLTR,BUY,31,177.6883,5508.3373
2026-01-09 20:40:03.494351,up_down_bot,SNDK,BUY,33,378.6799,12496.436699999998
2026-01-09 20:40:03.520897,random_bot,NVO,BUY,93,59.1,5496.3
2026-01-09 20:40:03.523184,up_down_bot,EOSE,BUY,838,15.005,12574.19
2026-01-09 20:40:03.541490,tmf_bot,AG,BUY,753,18.845,14190.285
2026-01-09 20:40:03.544892,tmf_bot,PSLV,BUY,525,26.46,13891.5
2026-01-09 20:40:03.586831,up_down_bot,HBAN,BUY,676,18.235,12326.859999999999
2026-01-09 20:40:03.586880,random_bot,JOBY,BUY,351,15.3901,5401.9251
2026-01-09 20:40:03.591450,tmf_bot,T,BUY,564,24.155,13623.42
2026-01-09 20:40:03.591572,up_down_bot,GGB,BUY,3056,3.955,12086.48
2026-01-09 20:40:03.602912,up_down_bot,FCX,BUY,209,56.53,11814.77
2026-01-09 20:40:03.603507,random_bot,MARA,SELL,1362,10.1897,13878.3714
2026-01-09 20:40:03.642943,up_down_bot,HPQ,BUY,547,21.21,11601.87
2026-01-09 20:40:03.648385,tmf_bot,HOOD,BUY,115,115.615,13295.724999999999
2026-01-09 20:40:03.652915,tmf_bot,CLF,BUY,1027,12.745,13089.115
2026-01-09 20:40:03.669017,up_down_bot,STLA,BUY,1050,10.835,11376.75
2026-01-09 20:40:03.672121,random_bot,MU,SELL,36,343.395,12362.22
2026-01-09 20:40:03.673773,up_down_bot,KO,BUY,158,70.3725,11118.855
2026-01-09 20:40:03.674166,tmf_bot,EOSE,BUY,855,15.005,12829.275000000001
2026-01-09 20:40:03.680622,random_bot,SMCI,SELL,446,30.5799,13638.6354
2026-01-09 20:40:03.685183,up_down_bot,SLB,BUY,243,44.8185,10890.8955
2026-01-09 20:40:03.685337,tmf_bot,WMT,BUY,109,114.845,12518.105
2026-01-09 20:40:03.685377,random_bot,MSTR,SELL,78,157.89,12315.419999999998
2026-01-09 20:40:03.692024,up_down_bot,LRCX,BUY,49,218.1976,10691.6824
2026-01-09 20:40:03.720023,tmf_bot,AVGO,BUY,35,346.06,12112.1
2026-01-09 20:40:03.720142,random_bot,PFE,SELL,514,25.425,13068.45
2026-01-09 20:40:03.740101,random_bot,NOK,SELL,2238,6.475,14491.05
2026-01-09 20:40:03.742571,random_bot,RIVN,BUY,277,19.0786,5284.7722
2026-01-09 20:40:03.742616,up_down_bot,NLY,BUY,449,23.3575,10487.5175
2026-01-09 20:40:03.762106,tmf_bot,WULF,BUY,934,12.93,12076.619999999999
2026-01-09 20:40:03.764436,up_down_bot,GOOG,BUY,31,330.89,10257.59
2026-01-09 20:40:03.764610,tmf_bot,FCX,BUY,209,56.53,11814.77
2026-01-09 20:40:03.774597,random_bot,AAPL,BUY,19,259.9,4938.099999999999
2026-01-09 20:40:03.779357,tmf_bot,HL,BUY,516,22.465,11591.94
2026-01-09 20:40:03.795844,tmf_bot,HPQ,BUY,536,21.21,11368.560000000001
2026-01-09 20:40:03.829371,random_bot,RIG,BUY,1208,4.2143,5090.8744
2026-01-09 20:40:03.829475,tmf_bot,CMCSA,BUY,391,28.4539,11125.474900000001
2026-01-09 20:40:03.835317,random_bot,CIFR,SELL,629,16.675,10488.575
2026-01-09 20:40:03.857010,random_bot,BTG,BUY,1094,4.56,4988.639999999999
2026-01-09 20:40:03.863748,random_bot,AG,SELL,503,18.845,9479.035
2026-01-09 20:40:03.880118,tmf_bot,RXRX,BUY,2351,4.645,10920.394999999999
2026-01-09 20:40:03.880203,random_bot,NU,BUY,281,17.4003,4889.4843
2026-01-09 20:40:03.908167,random_bot,CDE,BUY,235,20.355,4783.425
2026-01-09 20:40:03.924354,random_bot,CLSK,BUY,401,11.695,4689.695
2026-01-09 20:40:03.924401,tmf_bot,LUNR,BUY,555,19.2814,10701.177000000001
2026-01-09 20:40:03.925642,random_bot,YMM,SELL,947,10.42,9867.74
2026-01-09 20:40:03.942321,tmf_bot,KO,BUY,149,70.3725,10485.5025
2026-01-09 20:40:03.945712,random_bot,BAC,BUY,82,56.0754,4598.1828000000005
2026-01-09 20:40:03.954280,random_bot,VZ,BUY,110,40.695,4476.45
2026-01-09 20:40:03.961601,random_bot,T,BUY,183,24.155,4420.365
2026-01-09 20:40:03.973487,random_bot,AMD,BUY,21,204.655,4297.755
2026-01-09 20:40:03.987224,random_bot,HOOD,SELL,74,115.615,8555.51
2026-01-09 20:40:04.007015,random_bot,CLF,SELL,714,12.745,9099.93
2026-01-09 20:40:04.009647,macd_crossover_bot,UWMC,SELL,3715,5.265,19559.475
2026-01-09 20:40:04.010168,random_bot,EXK,BUY,400,10.6,4240.0
2026-01-09 20:40:04.016504,random_bot,EOSE,BUY,277,15.005,4156.385
2026-01-09 20:40:04.036595,random_bot,AVGO,SELL,22,346.06,7613.32
2026-01-09 20:40:04.053250,random_bot,HBAN,SELL,461,18.235,8406.335
2026-01-09 20:40:04.057455,random_bot,GGB,BUY,1031,3.955,4077.605
2026-01-09 20:40:04.068438,random_bot,AUR,SELL,1607,4.725,7593.075
2026-01-09 20:40:04.082615,random_bot,WULF,SELL,600,12.93,7758.0
2026-01-09 20:40:04.094605,random_bot,HL,SELL,359,22.465,8064.935
2026-01-09 20:40:04.111764,random_bot,STLA,SELL,675,10.835,7313.625000000001
2026-01-09 20:40:04.112376,random_bot,CMCSA,BUY,140,28.4539,3983.5460000000003
2026-01-09 20:40:04.113937,random_bot,MSFT,BUY,8,478.85,3830.8
2026-01-09 20:40:04.121384,random_bot,BTE,BUY,1155,3.325,3840.375
2026-01-09 20:40:04.124684,random_bot,UUUU,SELL,386,18.15,7005.9
2026-01-09 20:40:04.127794,random_bot,IBRX,SELL,2857,2.355,6728.235
2026-01-09 20:40:04.130563,random_bot,ITUB,BUY,506,7.435,3762.1099999999997
2026-01-09 20:40:04.130774,stoch_bot,NOK,BUY,3088,6.475,19994.8
2026-01-09 20:40:04.131818,random_bot,CMG,BUY,92,39.79,3660.68
2026-01-09 20:40:04.131984,stoch_bot,CRWV,BUY,245,79.97,19592.65
2026-01-09 20:40:04.267870,obv_bot,NVDA,BUY,107,186.035,19905.745
2026-01-09 20:40:04.268316,obv_bot,PLUG,BUY,8851,2.2145,19600.539500000003
2026-01-09 20:40:04.268702,obv_bot,RKT,BUY,845,22.725,19202.625
2026-01-09 20:40:04.268960,obv_bot,WBD,BUY,651,28.895,18810.645
2026-01-09 20:40:04.269197,obv_bot,PLTR,BUY,103,177.6883,18301.8949
2026-01-09 20:40:04.269462,obv_bot,SMCI,BUY,591,30.5799,18072.7209
2026-01-09 20:40:04.269632,obv_bot,ORCL,BUY,88,199.23,17532.239999999998
2026-01-09 20:40:04.269852,obv_bot,AMZN,BUY,70,246.825,17277.75
2026-01-09 20:40:04.270083,obv_bot,VZ,BUY,418,40.695,17010.51
2026-01-09 20:40:04.270235,obv_bot,GOOGL,BUY,50,330.17,16508.5
2026-01-09 20:40:04.270342,obv_bot,SNDK,BUY,43,378.6799,16283.2357
2026-01-09 20:40:04.270497,obv_bot,EOSE,BUY,1068,15.005,16025.34
2026-01-09 20:40:04.270597,obv_bot,FCX,BUY,277,56.53,15658.81
2026-01-09 20:40:04.270735,obv_bot,HPQ,BUY,725,21.21,15377.25
2026-01-09 20:40:04.270945,obv_bot,KO,BUY,214,70.3725,15059.715
2026-01-09 20:40:04.271089,obv_bot,LRCX,BUY,67,218.1976,14619.2392
2026-01-09 20:40:04.271197,obv_bot,GOOG,BUY,43,330.89,14228.269999999999
2026-01-09 20:41:02.099775,random_bot,PLUG,BUY,4815,2.2159,10669.5585
2026-01-09 20:41:02.135263,random_bot,OPEN,SELL,890,7.4007,6586.623
2026-01-09 20:41:02.173044,random_bot,RKT,BUY,459,22.74,10437.66
2026-01-09 20:41:02.209290,up_down_bot,APLD,BUY,267,37.68,10060.56
2026-01-09 20:41:02.269070,random_bot,NVDA,SELL,34,186.02,6324.68
2026-01-09 20:41:02.331429,tmf_bot,PLUG,BUY,4638,2.2159,10277.3442
2026-01-09 20:41:02.351240,up_down_bot,INTC,BUY,218,45.2429,9862.9522
2026-01-09 20:41:02.357181,random_bot,QBTS,SELL,543,28.8824,15683.1432
2026-01-09 20:41:02.367161,tmf_bot,ITUB,BUY,1354,7.435,10066.99
2026-01-09 20:41:02.367201,rsi_bot,ACHR,BUY,2234,8.7701,19592.4034
2026-01-09 20:41:02.383641,random_bot,F,BUY,723,14.165,10241.295
2026-01-09 20:41:02.445194,rsi_bot,CRWV,BUY,239,80.08,19139.12
2026-01-09 20:41:02.478294,up_down_bot,NVDA,SELL,107,186.02,19904.14
2026-01-09 20:41:02.505860,up_down_bot,ONDS,BUY,689,14.05,9680.45
2026-01-09 20:41:02.505999,random_bot,UWMC,SELL,3162,5.26,16632.12
2026-01-09 20:41:02.515822,up_down_bot,NFLX,BUY,106,89.0699,9441.4094
2026-01-09 20:41:02.522512,up_down_bot,QBTS,BUY,322,28.8824,9300.1328
2026-01-09 20:41:02.541553,up_down_bot,BBAI,BUY,1463,6.23,9114.49
2026-01-09 20:41:02.628728,up_down_bot,SMR,BUY,433,20.5881,8914.6473
2026-01-09 20:41:02.651920,random_bot,COMP,BUY,772,13.0,10036.0
2026-01-09 20:41:02.679830,up_down_bot,COMP,BUY,673,13.0,8749.0
2026-01-09 20:41:02.685381,random_bot,ACHR,BUY,1122,8.7701,9840.0522
2026-01-09 20:41:02.756510,up_down_bot,ACHR,BUY,978,8.7701,8577.157799999999
2026-01-09 20:41:02.801976,up_down_bot,SOUN,BUY,712,11.805,8405.16
2026-01-09 20:41:02.815660,random_bot,RGTI,BUY,383,25.135,9626.705
2026-01-09 20:41:02.859823,up_down_bot,RGTI,BUY,327,25.135,8219.145
2026-01-09 20:41:02.862255,random_bot,IREN,SELL,343,46.74,16031.820000000002
2026-01-09 20:41:02.888166,random_bot,SOFI,SELL,217,27.43,5952.3099999999995
2026-01-09 20:41:02.888296,up_down_bot,IREN,BUY,172,46.74,8039.280000000001
2026-01-09 20:41:02.945452,random_bot,KVUE,BUY,561,16.84,9447.24
2026-01-09 20:41:03.062276,random_bot,NOK,BUY,1430,6.475,9259.25
2026-01-09 20:41:03.103129,up_down_bot,SOFI,BUY,288,27.43,7899.84
2026-01-09 20:41:03.200750,up_down_bot,KVUE,BUY,460,16.84,7746.4
2026-01-09 20:41:03.203140,random_bot,DNN,SELL,4981,3.28,16337.679999999998
2026-01-09 20:41:03.235757,up_down_bot,OKLO,BUY,72,104.82,7547.039999999999
2026-01-09 20:41:03.249771,up_down_bot,SNAP,BUY,905,8.23,7448.150000000001
2026-01-09 20:41:03.295116,random_bot,WBD,SELL,202,28.895,5836.79
2026-01-09 20:41:03.301868,up_down_bot,MARA,BUY,715,10.203,7295.1449999999995
2026-01-09 20:41:03.316034,random_bot,AGNC,SELL,500,11.465,5732.5
2026-01-09 20:41:03.338024,random_bot,MARA,BUY,889,10.203,9070.466999999999
2026-01-09 20:41:03.354236,up_down_bot,PLTR,SELL,97,177.565,17223.805
2026-01-09 20:41:03.373031,up_down_bot,PFE,BUY,281,25.445,7150.045
2026-01-09 20:41:03.393725,up_down_bot,MU,BUY,20,343.52,6870.4
2026-01-09 20:41:03.393777,random_bot,AAPL,SELL,19,259.84,4936.959999999999
2026-01-09 20:41:03.424882,random_bot,PFE,BUY,349,25.445,8880.305
2026-01-09 20:41:03.426284,up_down_bot,ASTS,BUY,69,98.9219,6825.611099999999
2026-01-09 20:41:03.431222,up_down_bot,VALE,SELL,1193,13.975,16672.175
2026-01-09 20:41:03.431275,random_bot,MSTR,BUY,55,157.93,8686.15
2026-01-09 20:41:03.456051,random_bot,RIVN,SELL,277,19.06,5279.62
2026-01-09 20:41:03.474142,random_bot,GRAB,SELL,2905,4.875,14161.875
2026-01-09 20:41:03.494779,random_bot,RIG,SELL,1208,4.215,5091.72
2026-01-09 20:41:03.500102,up_down_bot,MSTR,BUY,42,157.93,6633.06
2026-01-09 20:41:03.506908,up_down_bot,NVO,BUY,111,59.12,6562.32
2026-01-09 20:41:03.509767,random_bot,CIFR,BUY,512,16.6737,8536.9344
2026-01-09 20:41:03.515701,up_down_bot,RIG,BUY,1536,4.215,6474.24
2026-01-09 20:41:03.550236,up_down_bot,RKLB,BUY,74,85.06,6294.4400000000005
2026-01-09 20:41:03.550317,random_bot,RKLB,SELL,156,85.06,13269.36
2026-01-09 20:41:03.566569,up_down_bot,ORCL,SELL,78,199.215,15538.77
2026-01-09 20:41:03.573607,up_down_bot,AMZN,SELL,62,246.77,15299.74
2026-01-09 20:41:03.575722,random_bot,AMZN,SELL,47,246.77,11598.19
2026-01-09 20:41:03.632661,up_down_bot,NVTS,BUY,613,10.1314,6210.548199999999
2026-01-09 20:41:03.649399,random_bot,HIMS,SELL,330,32.345,10673.85
2026-01-09 20:41:03.651302,up_down_bot,PSLV,BUY,230,26.475,6089.25
2026-01-09 20:41:03.666875,up_down_bot,BAC,SELL,253,56.075,14186.975
2026-01-09 20:41:03.673796,random_bot,BBD,SELL,2968,3.47,10298.960000000001
2026-01-09 20:41:03.678226,up_down_bot,HPE,SELL,599,22.265,13336.735
2026-01-09 20:41:03.692657,random_bot,NU,SELL,281,17.405,4890.805
2026-01-09 20:41:03.693293,up_down_bot,T,BUY,247,24.17,5969.990000000001
2026-01-09 20:41:03.705422,random_bot,YMM,BUY,803,10.42,8367.26
2026-01-09 20:41:03.707453,up_down_bot,ABEV,BUY,2291,2.555,5853.505
2026-01-09 20:41:03.723510,up_down_bot,EXK,BUY,540,10.615,5732.1
2026-01-09 20:41:03.744952,up_down_bot,AMD,BUY,27,204.673,5526.171
2026-01-09 20:41:03.798902,random_bot,CDE,SELL,235,20.355,4783.425
2026-01-09 20:41:03.801969,up_down_bot,HL,BUY,245,22.4679,5504.6355
2026-01-09 20:41:03.818559,up_down_bot,CLF,BUY,423,12.7599,5397.4377
2026-01-09 20:41:03.831845,random_bot,ABEV,BUY,3212,2.555,8206.66
2026-01-09 20:41:03.833976,up_down_bot,QUBT,BUY,449,11.785,5291.465
2026-01-09 20:41:03.901027,random_bot,AG,BUY,426,18.845,8027.969999999999
2026-01-09 20:41:03.909285,up_down_bot,WULF,BUY,400,12.955,5182.0
2026-01-09 20:41:03.909435,random_bot,EXK,SELL,400,10.615,4246.0
2026-01-09 20:41:03.913619,up_down_bot,RIOT,BUY,332,15.288,5075.616
2026-01-09 20:41:03.927308,random_bot,SNDK,SELL,23,379.1524,8720.5052
2026-01-09 20:41:03.928482,up_down_bot,CMCSA,BUY,175,28.455,4979.625
2026-01-09 20:41:03.938791,up_down_bot,KO,SELL,158,70.355,11116.09
2026-01-09 20:41:03.946759,up_down_bot,UUUU,BUY,268,18.175,4870.900000000001
2026-01-09 20:41:03.946861,random_bot,HBAN,BUY,432,18.235,7877.5199999999995
2026-01-09 20:41:03.958618,random_bot,AMD,SELL,21,204.673,4298.133
2026-01-09 20:41:03.965284,random_bot,AVGO,BUY,22,346.04,7612.88
2026-01-09 20:41:03.973300,up_down_bot,LUNR,BUY,248,19.2959,4785.3832
2026-01-09 20:41:03.997035,up_down_bot,LRCX,SELL,49,218.11,10687.390000000001
2026-01-09 20:41:04.008207,up_down_bot,RXRX,BUY,1008,4.65,4687.200000000001
2026-01-09 20:41:04.008253,random_bot,HL,BUY,337,22.4679,7571.6823
2026-01-09 20:41:04.028682,random_bot,QUBT,BUY,629,11.785,7412.765
2026-01-09 20:41:04.035736,random_bot,GGB,SELL,1031,3.9585,4081.2135
2026-01-09 20:41:04.038120,random_bot,WULF,BUY,561,12.955,7267.755
2026-01-09 20:41:04.056459,random_bot,NKE,SELL,133,65.545,8717.485
2026-01-09 20:41:04.072033,random_bot,RIOT,BUY,466,15.288,7124.2080000000005
2026-01-09 20:41:04.089946,random_bot,FCX,BUY,123,56.535,6953.804999999999
2026-01-09 20:41:04.093724,random_bot,HPQ,BUY,322,21.24,6839.28
2026-01-09 20:41:04.100218,random_bot,GOOG,BUY,20,330.94,6618.8
2026-01-09 20:41:04.112661,random_bot,UUUU,BUY,361,18.175,6561.175
2026-01-09 20:41:04.113800,random_bot,LUNR,BUY,334,19.2959,6444.8306
2026-01-09 20:41:04.120064,random_bot,RXRX,BUY,1358,4.65,6314.700000000001
2026-01-09 20:41:04.128987,random_bot,SLB,SELL,153,44.828,6858.684
2026-01-09 20:41:04.130254,random_bot,MSFT,SELL,8,478.7126,3829.7008
2026-01-09 20:41:04.133720,random_bot,CMG,SELL,92,39.79,3660.68
2026-01-09 20:41:04.141049,random_bot,NLY,SELL,307,23.365,7173.054999999999
2026-01-09 20:41:04.147142,stoch_bot,SMR,BUY,932,20.5881,19188.1092
2026-01-09 20:41:04.153724,stoch_bot,ASTS,BUY,190,98.9219,18795.161
2026-01-09 20:41:04.156325,stoch_bot,GRAB,BUY,3784,4.875,18447.0
2026-01-09 20:41:04.159562,stoch_bot,BBD,BUY,5210,3.47,18078.7
2026-01-09 20:41:04.250517,obv_bot,PLUG,SELL,8851,2.2159,19612.9309
2026-01-09 20:41:04.250812,obv_bot,INTC,BUY,314,45.2429,14206.2706
2026-01-09 20:41:04.251132,obv_bot,NVDA,SELL,107,186.02,19904.14
2026-01-09 20:41:04.251493,obv_bot,PLTR,SELL,103,177.565,18289.195
2026-01-09 20:41:04.251737,obv_bot,PFE,BUY,547,25.445,13918.415
2026-01-09 20:41:04.251954,obv_bot,MU,BUY,39,343.52,13397.279999999999
2026-01-09 20:41:04.252157,obv_bot,ORCL,SELL,88,199.215,17530.920000000002
2026-01-09 20:41:04.252345,obv_bot,NVTS,BUY,1320,10.1314,13373.447999999999
2026-01-09 20:41:04.252528,obv_bot,KO,SELL,214,70.355,15055.970000000001
2026-01-09 20:41:04.252721,obv_bot,LUNR,BUY,679,19.2959,13101.9161
2026-01-09 20:42:02.503944,random_bot,ONDS,SELL,809,13.955,11289.595
2026-01-09 20:42:02.622154,random_bot,SMR,BUY,527,20.53,10819.310000000001
2026-01-09 20:42:02.628963,random_bot,UWMC,BUY,2017,5.26,10609.42
2026-01-09 20:42:02.641831,up_down_bot,OPEN,BUY,982,7.4037,7270.4334
2026-01-09 20:42:02.659113,up_down_bot,ONDS,SELL,689,13.955,9614.995
2026-01-09 20:42:02.659287,rsi_bot,AAL,BUY,1182,15.915,18811.53
2026-01-09 20:42:02.681711,up_down_bot,SMR,SELL,433,20.53,8889.49
2026-01-09 20:42:02.714695,random_bot,RKT,SELL,459,22.755,10444.545
2026-01-09 20:42:02.718305,up_down_bot,PLUG,SELL,8851,2.215,19604.965
2026-01-09 20:42:02.822140,tmf_bot,BBAI,SELL,3148,6.2121,19555.6908
2026-01-09 20:42:02.847703,up_down_bot,ACHR,SELL,978,8.75,8557.5
2026-01-09 20:42:02.847752,random_bot,NVDA,BUY,55,185.9659,10228.1245
2026-01-09 20:42:02.886395,up_down_bot,COMP,SELL,673,12.995,8745.635
2026-01-09 20:42:02.886639,tmf_bot,NU,BUY,566,17.42,9859.720000000001
2026-01-09 20:42:02.898385,random_bot,ACHR,SELL,1122,8.75,9817.5
2026-01-09 20:42:02.938963,tmf_bot,HOOD,SELL,115,115.545,13287.675000000001
2026-01-09 20:42:02.970920,random_bot,COMP,SELL,772,12.995,10032.14
2026-01-09 20:42:03.018233,up_down_bot,NFLX,SELL,106,89.0646,9440.8476
2026-01-09 20:42:03.059179,up_down_bot,IREN,SELL,172,46.67,8027.240000000001
2026-01-09 20:42:03.064397,random_bot,AAL,SELL,1184,15.915,18843.36
2026-01-09 20:42:03.086206,up_down_bot,NIO,BUY,1522,4.6829,7127.3738
2026-01-09 20:42:03.207806,up_down_bot,BBAI,SELL,1463,6.2121,9088.302300000001
2026-01-09 20:42:03.250260,random_bot,NFLX,SELL,207,89.0646,18436.372199999998
2026-01-09 20:42:03.259336,random_bot,F,SELL,723,14.165,10241.295
2026-01-09 20:42:03.307810,up_down_bot,SOFI,SELL,288,27.4201,7896.9888
2026-01-09 20:42:03.356597,random_bot,APLD,SELL,165,37.74,6227.1
2026-01-09 20:42:03.375764,up_down_bot,TSLA,BUY,15,445.3796,6680.6939999999995
2026-01-09 20:42:03.393439,random_bot,NIO,SELL,3284,4.6829,15378.6436
2026-01-09 20:42:03.421312,up_down_bot,WBD,SELL,625,28.8832,18052.0
2026-01-09 20:42:03.434274,random_bot,TSLA,BUY,22,445.3796,9798.3512
2026-01-09 20:42:03.451597,up_down_bot,SNAP,SELL,905,8.225,7443.625
2026-01-09 20:42:03.455887,random_bot,SOUN,BUY,848,11.7803,9989.6944
2026-01-09 20:42:03.491650,random_bot,RGTI,SELL,383,25.06,9597.98
2026-01-09 20:42:03.530442,random_bot,QBTS,BUY,340,28.79,9788.6
2026-01-09 20:42:03.555705,random_bot,DNN,BUY,2927,3.2801,9600.8527
2026-01-09 20:42:03.588591,ema_crossover_bot,CDE,SELL,755,20.31,15334.05
2026-01-09 20:42:03.611251,random_bot,JOBY,SELL,351,15.37,5394.87
2026-01-09 20:42:03.618589,up_down_bot,SOUN,SELL,712,11.7803,8387.5736
2026-01-09 20:42:03.655084,random_bot,MARA,SELL,889,10.1986,9066.555400000001
2026-01-09 20:42:03.656012,up_down_bot,RGTI,SELL,327,25.06,8194.619999999999
2026-01-09 20:42:03.658253,up_down_bot,QBTS,SELL,322,28.79,9270.38
2026-01-09 20:42:03.670973,up_down_bot,DNN,BUY,2089,3.2801,6852.1289
2026-01-09 20:42:03.680900,random_bot,OKLO,SELL,58,104.7872,6077.6576
2026-01-09 20:42:03.692423,random_bot,GRAB,BUY,1936,4.86,9408.960000000001
2026-01-09 20:42:03.712391,up_down_bot,MARA,SELL,715,10.1986,7291.999000000001
2026-01-09 20:42:03.765627,up_down_bot,OKLO,SELL,72,104.7872,7544.6784
2026-01-09 20:42:03.813906,random_bot,RIVN,BUY,483,19.075,9213.225
2026-01-09 20:42:03.817282,up_down_bot,PLTR,BUY,37,177.5758,6570.3045999999995
2026-01-09 20:42:03.838880,random_bot,RKLB,BUY,106,84.935,9003.11
2026-01-09 20:42:03.859569,random_bot,AAPL,BUY,34,259.838,8834.492
2026-01-09 20:42:03.889696,random_bot,AMZN,BUY,35,246.73,8635.55
2026-01-09 20:42:03.901514,random_bot,PFE,SELL,349,25.455,8883.795
2026-01-09 20:42:03.913718,up_down_bot,ASTS,SELL,69,98.54,6799.26
2026-01-09 20:42:03.913857,random_bot,NVO,SELL,93,59.13,5499.09
2026-01-09 20:42:03.955750,up_down_bot,RIVN,BUY,345,19.075,6580.875
2026-01-09 20:42:04.003963,random_bot,CRWV,SELL,160,80.09,12814.400000000001
2026-01-09 20:42:04.016353,random_bot,NU,BUY,488,17.42,8500.960000000001
2026-01-09 20:42:04.031743,up_down_bot,RKLB,SELL,74,84.935,6285.1900000000005
2026-01-09 20:42:04.033472,random_bot,NVTS,SELL,1103,10.12,11162.359999999999
2026-01-09 20:42:04.049113,up_down_bot,MU,SELL,20,343.42,6868.400000000001
2026-01-09 20:42:04.063567,up_down_bot,MSTR,SELL,42,157.7475,6625.395
2026-01-09 20:42:04.063628,random_bot,SMCI,BUY,272,30.585,8319.12
2026-01-09 20:42:04.072269,random_bot,YMM,SELL,803,10.42,8367.26
2026-01-09 20:42:04.075441,up_down_bot,VALE,BUY,461,13.98,6444.78
2026-01-09 20:42:04.075563,random_bot,CDE,BUY,402,20.31,8164.62
2026-01-09 20:42:04.079602,random_bot,CLSK,SELL,401,11.69,4687.69
2026-01-09 20:42:04.090366,random_bot,AG,SELL,426,18.8207,8017.618199999999
2026-01-09 20:42:04.090425,up_down_bot,NVTS,SELL,613,10.12,6203.5599999999995
2026-01-09 20:42:04.093859,up_down_bot,CLSK,SELL,1238,11.69,14472.22
2026-01-09 20:42:04.097889,up_down_bot,HPE,BUY,283,22.3,6310.900000000001
2026-01-09 20:42:04.101450,random_bot,PSLV,SELL,380,26.45,10051.0
2026-01-09 20:42:04.101892,up_down_bot,PSLV,SELL,230,26.45,6083.5
2026-01-09 20:42:04.118419,random_bot,EXK,BUY,756,10.5875,8004.150000000001
2026-01-09 20:42:04.119432,up_down_bot,EXK,SELL,540,10.5875,5717.25
2026-01-09 20:42:04.126236,random_bot,EOSE,SELL,277,15.075,4175.775
2026-01-09 20:42:04.130403,random_bot,SNDK,BUY,20,379.0,7580.0
2026-01-09 20:42:04.132348,up_down_bot,BBD,SELL,4346,3.465,15058.89
2026-01-09 20:42:04.132405,random_bot,CLF,BUY,604,12.73,7688.92
2026-01-09 20:42:04.135686,up_down_bot,T,SELL,247,24.165,5968.755
2026-01-09 20:42:04.135754,random_bot,AMD,BUY,36,204.62,7366.32
2026-01-09 20:42:04.136093,random_bot,FCX,SELL,123,56.495,6948.884999999999
2026-01-09 20:42:04.136133,up_down_bot,VZ,SELL,341,40.705,13880.404999999999
2026-01-09 20:42:04.144799,random_bot,NKE,BUY,112,65.615,7348.879999999999
2026-01-09 20:42:04.144852,up_down_bot,SNDK,SELL,33,379.0,12507.0
2026-01-09 20:42:04.146826,random_bot,HBAN,SELL,432,18.235,7877.5199999999995
2026-01-09 20:42:04.153915,random_bot,QUBT,SELL,629,11.755,7393.895
2026-01-09 20:42:04.153967,up_down_bot,CLF,SELL,423,12.73,5384.79
2026-01-09 20:42:04.165522,up_down_bot,AUR,BUY,1312,4.7255,6199.856000000001
2026-01-09 20:42:04.178694,random_bot,CMCSA,SELL,140,28.465,3985.1
2026-01-09 20:42:04.186876,up_down_bot,AMD,SELL,27,204.62,5524.74
2026-01-09 20:42:04.189700,random_bot,HL,SELL,337,22.43,7558.91
2026-01-09 20:42:04.191014,up_down_bot,FCX,SELL,209,56.495,11807.455
2026-01-09 20:42:04.191964,random_bot,HPQ,SELL,322,21.255,6844.11
2026-01-09 20:42:04.200756,up_down_bot,QUBT,SELL,449,11.755,5277.995000000001
2026-01-09 20:42:04.201451,random_bot,GGB,BUY,1834,3.95,7244.3
2026-01-09 20:42:04.210347,up_down_bot,RIOT,SELL,332,15.265,5067.9800000000005
2026-01-09 20:42:04.216656,random_bot,KO,SELL,106,70.405,7462.93
2026-01-09 20:42:04.216904,up_down_bot,RXRX,SELL,1008,4.6493,4686.4944000000005
2026-01-09 20:42:04.226812,up_down_bot,LUNR,SELL,248,19.2699,4778.9352
2026-01-09 20:42:04.234123,up_down_bot,HL,SELL,245,22.43,5495.35
2026-01-09 20:42:04.234170,random_bot,WULF,SELL,561,12.9385,7258.4985
2026-01-09 20:42:04.243726,random_bot,IBRX,BUY,3016,2.355,7102.68
2026-01-09 20:42:04.251162,up_down_bot,GGB,SELL,3056,3.95,12071.2
2026-01-09 20:42:04.256648,up_down_bot,AVGO,BUY,17,346.135,5884.295
2026-01-09 20:42:04.257687,up_down_bot,KO,BUY,84,70.405,5914.02
2026-01-09 20:42:04.258471,random_bot,GOOG,SELL,20,331.035,6620.700000000001
2026-01-09 20:42:04.261901,random_bot,ITUB,SELL,506,7.435,3762.1099999999997
2026-01-09 20:42:04.266361,up_down_bot,WULF,SELL,400,12.9385,5175.4
2026-01-09 20:42:04.271849,up_down_bot,LRCX,BUY,26,218.14,5671.639999999999
2026-01-09 20:42:04.271925,random_bot,SLB,BUY,155,44.825,6947.875
2026-01-09 20:42:04.273776,random_bot,NLY,BUY,291,23.39,6806.49
2026-01-09 20:42:04.283859,up_down_bot,UUUU,SELL,268,18.125,4857.5
2026-01-09 20:42:04.283923,random_bot,CMG,BUY,168,39.7801,6683.056799999999
2026-01-09 20:42:04.297221,up_down_bot,IBRX,BUY,2431,2.355,5725.005
2026-01-09 20:42:04.314664,up_down_bot,SLB,SELL,243,44.825,10892.475
2026-01-09 20:42:04.411369,stoch_bot,F,BUY,1250,14.165,17706.25
2026-01-09 20:42:04.414008,stoch_bot,DNN,BUY,5293,3.2801,17361.5693
2026-01-09 20:42:04.417236,stoch_bot,EXK,BUY,1607,10.5875,17014.1125
2026-01-09 20:42:04.443816,obv_bot,MU,SELL,39,343.42,13393.380000000001
2026-01-09 20:42:04.444169,obv_bot,AMZN,SELL,70,246.73,17271.1
2026-01-09 20:42:04.444428,obv_bot,NVO,BUY,247,59.13,14605.11
2026-01-09 20:42:04.444771,obv_bot,NVTS,SELL,1320,10.12,13358.4
2026-01-09 20:42:04.445276,obv_bot,LUNR,SELL,679,19.2699,13084.2621
2026-01-09 20:42:04.445681,obv_bot,KO,BUY,204,70.405,14362.62
2026-01-09 20:43:03.143637,random_bot,SMR,SELL,527,20.5699,10840.337300000001
2026-01-09 20:43:03.167502,random_bot,PLUG,SELL,4815,2.215,10665.224999999999
2026-01-09 20:43:03.215206,random_bot,APLD,BUY,321,37.82,12140.22
2026-01-09 20:43:03.311983,tmf_bot,MU,BUY,30,343.745,10312.35
2026-01-09 20:43:03.368784,random_bot,AAL,BUY,748,15.915,11904.42
2026-01-09 20:43:03.481381,tmf_bot,NU,SELL,566,17.415,9856.89
2026-01-09 20:43:03.508616,random_bot,ACHR,BUY,1332,8.765,11674.980000000001
2026-01-09 20:43:03.553867,tmf_bot,BAC,BUY,180,56.0801,10094.418
2026-01-09 20:43:03.576982,tmf_bot,HOOD,BUY,85,115.62,9827.7
2026-01-09 20:43:03.584228,random_bot,QBTS,SELL,340,28.77,9781.8
2026-01-09 20:43:03.616729,up_down_bot,SMR,BUY,606,20.5699,12465.359400000001
2026-01-09 20:43:03.639054,rsi_bot,UWMC,BUY,3504,5.265,18448.559999999998
2026-01-09 20:43:03.639158,up_down_bot,UWMC,BUY,2323,5.265,12230.595
2026-01-09 20:43:03.758752,random_bot,TSLA,SELL,22,445.345,9797.59
2026-01-09 20:43:03.759170,rsi_bot,NOK,BUY,2792,6.475,18078.2
2026-01-09 20:43:03.779758,up_down_bot,BBAI,BUY,1929,6.215,11988.735
2026-01-09 20:43:03.826559,random_bot,COMP,BUY,880,12.995,11435.599999999999
2026-01-09 20:43:03.826735,rsi_bot,BTG,BUY,3885,4.56,17715.6
2026-01-09 20:43:03.908209,rsi_bot,AG,BUY,921,18.8398,17351.4558
2026-01-09 20:43:03.924042,up_down_bot,ONDS,BUY,841,13.965,11744.565
2026-01-09 20:43:03.935423,random_bot,DNN,SELL,2927,3.28,9600.56
2026-01-09 20:43:03.965967,random_bot,SOFI,BUY,408,27.4275,11190.42
2026-01-09 20:43:03.975448,up_down_bot,ACHR,BUY,1313,8.765,11508.445000000002
2026-01-09 20:43:03.991240,up_down_bot,TSLA,SELL,15,445.345,6680.175
2026-01-09 20:43:04.008084,random_bot,IREN,BUY,235,46.735,10982.725
2026-01-09 20:43:04.074722,up_down_bot,DNN,SELL,2089,3.28,6851.919999999999
2026-01-09 20:43:04.209089,random_bot,RGTI,BUY,430,25.045,10769.35
2026-01-09 20:43:04.215413,up_down_bot,SOFI,BUY,411,27.4275,11272.7025
2026-01-09 20:43:04.235693,random_bot,AGNC,BUY,920,11.465,10547.8
2026-01-09 20:43:04.249399,up_down_bot,NIO,SELL,1522,4.68,7122.959999999999
2026-01-09 20:43:04.308798,up_down_bot,IREN,BUY,236,46.735,11029.46
2026-01-09 20:43:04.309203,random_bot,SNAP,BUY,1257,8.2288,10343.6016
2026-01-09 20:43:04.313602,up_down_bot,WBD,BUY,375,28.885,10831.875
2026-01-09 20:43:04.318712,random_bot,OKLO,BUY,96,104.7,10051.2
2026-01-09 20:43:04.379128,random_bot,BMNR,BUY,326,30.415,9915.289999999999
2026-01-09 20:43:04.379195,up_down_bot,SNAP,BUY,1290,8.2288,10615.152
2026-01-09 20:43:04.382702,random_bot,GRAB,SELL,1936,4.865,9418.640000000001
2026-01-09 20:43:04.432230,up_down_bot,AAPL,BUY,40,259.945,10397.8
2026-01-09 20:43:04.442161,random_bot,MARA,BUY,955,10.1902,9731.641000000001
2026-01-09 20:43:04.455667,up_down_bot,BMNR,SELL,605,30.415,18401.075
2026-01-09 20:43:04.457844,up_down_bot,GRAB,BUY,2096,4.865,10197.04
2026-01-09 20:43:04.476023,random_bot,RIVN,SELL,483,19.095,9222.885
2026-01-09 20:43:04.488686,up_down_bot,PLTR,SELL,37,177.56,6569.72
2026-01-09 20:43:04.500598,random_bot,MU,BUY,27,343.745,9281.115
2026-01-09 20:43:04.520177,up_down_bot,MU,BUY,29,343.745,9968.605
2026-01-09 20:43:04.537189,up_down_bot,VALE,SELL,461,13.975,6442.474999999999
2026-01-09 20:43:04.572004,up_down_bot,RKLB,BUY,115,84.955,9769.824999999999
2026-01-09 20:43:04.604676,random_bot,ASTS,SELL,119,98.44,11714.36
2026-01-09 20:43:04.617925,up_down_bot,MSTR,BUY,60,157.81,9468.6
2026-01-09 20:43:04.624565,up_down_bot,NU,SELL,849,17.415,14785.335
2026-01-09 20:43:04.651069,up_down_bot,NVTS,BUY,929,10.1259,9406.9611
2026-01-09 20:43:04.655438,random_bot,MSTR,SELL,55,157.81,8679.55
2026-01-09 20:43:04.659536,up_down_bot,CLSK,BUY,788,11.6946,9215.344799999999
2026-01-09 20:43:04.682657,random_bot,NVO,BUY,158,59.1401,9344.1358
2026-01-09 20:43:04.695958,up_down_bot,CRWV,SELL,200,80.0,16000.0
2026-01-09 20:43:04.696011,random_bot,BTG,SELL,1094,4.56,4988.639999999999
2026-01-09 20:43:04.725279,random_bot,RIG,BUY,2173,4.22,9170.06
2026-01-09 20:43:04.742159,up_down_bot,AMZN,BUY,36,246.7385,8882.586
2026-01-09 20:43:04.767520,random_bot,AMZN,SELL,35,246.7385,8635.8475
2026-01-09 20:43:04.808090,up_down_bot,SMCI,SELL,556,30.575,16999.7
2026-01-09 20:43:04.835698,random_bot,SMCI,SELL,272,30.575,8316.4
2026-01-09 20:43:04.838903,random_bot,BBD,BUY,2593,3.465,8984.744999999999
2026-01-09 20:43:04.838987,up_down_bot,CDE,BUY,436,20.315,8857.34
2026-01-09 20:43:04.876747,random_bot,ORCL,SELL,54,199.4011,10767.6594
2026-01-09 20:43:04.880731,up_down_bot,ORCL,BUY,43,199.4011,8574.2473
2026-01-09 20:43:04.928591,random_bot,HIMS,BUY,272,32.35,8799.2
2026-01-09 20:43:04.941400,up_down_bot,AG,BUY,451,18.8398,8496.7498
2026-01-09 20:43:04.965611,random_bot,ABEV,SELL,3212,2.5544,8204.7328
2026-01-09 20:43:04.968737,up_down_bot,YMM,BUY,800,10.425,8340.0
2026-01-09 20:43:05.006331,up_down_bot,HIMS,BUY,252,32.35,8152.200000000001
2026-01-09 20:43:05.034621,up_down_bot,ABEV,SELL,2291,2.5544,5852.130399999999
2026-01-09 20:43:05.053012,up_down_bot,PSLV,BUY,302,26.4584,7990.4368
2026-01-09 20:43:05.053071,random_bot,PSLV,BUY,326,26.4584,8625.438400000001
2026-01-09 20:43:05.064585,random_bot,HPE,SELL,417,22.325,9309.525
2026-01-09 20:43:05.068717,up_down_bot,BAC,BUY,140,56.0801,7851.214
2026-01-09 20:43:05.081378,random_bot,VZ,SELL,110,40.72,4479.2
2026-01-09 20:43:05.081425,up_down_bot,VZ,BUY,189,40.72,7696.08
2026-01-09 20:43:05.092154,up_down_bot,HL,BUY,336,22.445,7541.52
2026-01-09 20:43:05.107276,random_bot,CLF,SELL,604,12.735,7691.94
2026-01-09 20:43:05.124507,up_down_bot,CLF,BUY,580,12.735,7386.299999999999
2026-01-09 20:43:05.130754,up_down_bot,AMD,BUY,35,204.685,7163.975
2026-01-09 20:43:05.135074,random_bot,AMD,SELL,36,204.685,7368.66
2026-01-09 20:43:05.166089,random_bot,GGB,SELL,1834,3.95,7244.3
2026-01-09 20:43:05.187157,random_bot,HBAN,BUY,464,18.2201,8454.1264
2026-01-09 20:43:05.201834,random_bot,GOOGL,SELL,29,330.2518,9577.3022
2026-01-09 20:43:05.203641,random_bot,WULF,BUY,639,12.955,8278.245
2026-01-09 20:43:05.208916,up_down_bot,HBAN,SELL,676,18.2201,12316.7876
2026-01-09 20:43:05.215965,random_bot,AVGO,SELL,22,346.0778,7613.7116000000005
2026-01-09 20:43:05.227243,up_down_bot,HOOD,BUY,61,115.62,7052.820000000001
2026-01-09 20:43:05.237238,random_bot,PATH,BUY,499,16.2701,8118.7798999999995
2026-01-09 20:43:05.245154,random_bot,HPQ,BUY,374,21.265,7953.110000000001
2026-01-09 20:43:05.246907,up_down_bot,WMT,BUY,60,114.7703,6886.218000000001
2026-01-09 20:43:05.250738,random_bot,LUNR,SELL,334,19.2568,6431.771199999999
2026-01-09 20:43:05.257380,up_down_bot,GOOGL,SELL,41,330.2518,13540.3238
2026-01-09 20:43:05.257420,random_bot,BTE,SELL,1155,3.325,3840.375
2026-01-09 20:43:05.264522,up_down_bot,RIOT,BUY,446,15.285,6817.11
2026-01-09 20:43:05.267092,up_down_bot,SNDK,BUY,17,380.1599,6462.7182999999995
2026-01-09 20:43:05.267138,random_bot,STLA,BUY,718,10.855,7793.89
2026-01-09 20:43:05.284011,random_bot,CMCSA,BUY,268,28.46,7627.280000000001
2026-01-09 20:43:05.284104,up_down_bot,AUR,SELL,1312,4.725,6199.2
2026-01-09 20:43:05.287791,up_down_bot,WULF,BUY,506,12.955,6555.2300000000005
2026-01-09 20:43:05.287841,random_bot,FCX,BUY,132,56.505,7458.660000000001
2026-01-09 20:43:05.300529,up_down_bot,AVGO,SELL,17,346.0778,5883.3226
2026-01-09 20:43:05.304277,random_bot,RXRX,SELL,1358,4.65,6314.700000000001
2026-01-09 20:43:05.307002,random_bot,GOOG,BUY,22,331.029,7282.638
2026-01-09 20:43:05.310747,up_down_bot,UUUU,BUY,354,18.135,6419.790000000001
2026-01-09 20:43:05.317413,random_bot,ITUB,BUY,968,7.435,7197.08
2026-01-09 20:43:05.334186,up_down_bot,CMCSA,SELL,175,28.46,4980.5
2026-01-09 20:43:05.336372,up_down_bot,FCX,BUY,111,56.505,6272.055
2026-01-09 20:43:05.347923,random_bot,LRCX,BUY,32,218.27,6984.64
2026-01-09 20:43:05.348649,up_down_bot,RXRX,BUY,1327,4.65,6170.55
2026-01-09 20:43:05.351659,up_down_bot,GOOG,SELL,31,331.029,10261.899
2026-01-09 20:43:05.366510,up_down_bot,VST,BUY,36,167.04,6013.44
2026-01-09 20:43:05.370008,random_bot,SLB,SELL,155,44.8254,6947.937
2026-01-09 20:43:05.376642,up_down_bot,KO,SELL,84,70.395,5913.179999999999
2026-01-09 20:43:05.381757,up_down_bot,NLY,SELL,449,23.3839,10499.3711
2026-01-09 20:43:05.398553,up_down_bot,CMG,BUY,149,39.785,5927.964999999999
2026-01-09 20:43:05.402317,up_down_bot,MSFT,BUY,12,478.695,5744.34
2026-01-09 20:43:05.415686,up_down_bot,SLB,BUY,127,44.8254,5692.8258000000005
2026-01-09 20:43:05.429606,stoch_bot,OPEN,BUY,2250,7.4101,16672.725
2026-01-09 20:43:05.432732,stoch_bot,BBAI,BUY,2629,6.215,16339.234999999999
2026-01-09 20:43:05.433740,stoch_bot,ONDS,BUY,1146,13.965,16003.89
2026-01-09 20:43:05.436227,stoch_bot,QBTS,BUY,545,28.77,15679.65
2026-01-09 20:43:05.437518,stoch_bot,SOFI,BUY,560,27.4275,15359.4
2026-01-09 20:43:05.439687,stoch_bot,SNAP,BUY,1832,8.2288,15075.1616
2026-01-09 20:43:05.441830,stoch_bot,OKLO,BUY,141,104.7,14762.7
2026-01-09 20:43:05.450994,stoch_bot,BMNR,BUY,476,30.415,14477.539999999999
2026-01-09 20:43:05.453880,stoch_bot,RIVN,BUY,743,19.095,14187.585
2026-01-09 20:43:05.458262,stoch_bot,RKLB,BUY,163,84.955,13847.664999999999
2026-01-09 20:43:05.458484,stoch_bot,MSTR,BUY,86,157.81,13571.66
2026-01-09 20:43:05.458955,stoch_bot,NU,BUY,766,17.415,13339.89
2026-01-09 20:43:05.459350,stoch_bot,RIG,BUY,3101,4.22,13086.22
2026-01-09 20:43:05.459704,stoch_bot,CLSK,BUY,1096,11.6946,12817.2816
2026-01-09 20:43:05.460162,stoch_bot,HIMS,BUY,388,32.35,12551.800000000001
2026-01-09 20:43:05.460397,stoch_bot,AMD,BUY,60,204.685,12281.1
2026-01-09 20:43:05.460859,stoch_bot,AUR,BUY,2555,4.725,12072.375
2026-01-09 20:43:05.461334,stoch_bot,WULF,BUY,913,12.955,11827.915
2026-01-09 20:43:05.461698,stoch_bot,NKE,BUY,176,65.615,11548.24
2026-01-09 20:43:05.461909,stoch_bot,RXRX,BUY,2444,4.65,11364.6
2026-01-09 20:43:05.462047,stoch_bot,VST,BUY,66,167.04,11024.64
2026-01-09 20:43:05.462340,stoch_bot,IBRX,BUY,4636,2.355,10917.78
2026-01-09 20:43:05.478610,obv_bot,KVUE,BUY,903,16.855,15220.065
2026-01-09 20:43:05.478809,obv_bot,AAPL,BUY,57,259.945,14816.865
2026-01-09 20:43:05.479025,obv_bot,MU,BUY,42,343.745,14437.29
2026-01-09 20:43:05.479252,obv_bot,ORCL,BUY,71,199.4011,14157.4781
2026-01-09 20:43:05.479404,obv_bot,KO,SELL,204,70.395,14360.58
2026-01-09 20:44:02.445100,random_bot,INTC,BUY,244,45.33,11060.52
2026-01-09 20:44:02.462393,random_bot,PLUG,BUY,4895,2.215,10842.425
2026-01-09 20:44:02.558037,random_bot,ONDS,BUY,756,14.05,10621.800000000001
2026-01-09 20:44:02.569393,up_down_bot,AAL,SELL,1184,15.91,18837.44
2026-01-09 20:44:02.573055,random_bot,UWMC,SELL,2017,5.275,10639.675000000001
2026-01-09 20:44:02.665674,up_down_bot,NVDA,BUY,48,185.9199,8924.155200000001
2026-01-09 20:44:02.674252,random_bot,OPEN,BUY,1403,7.4192,10409.1376
2026-01-09 20:44:02.750887,up_down_bot,QBTS,BUY,307,28.95,8887.65
2026-01-09 20:44:02.762368,random_bot,NFLX,BUY,114,89.045,10151.130000000001
2026-01-09 20:44:02.806612,up_down_bot,RKT,SELL,845,22.8,19266.0
2026-01-09 20:44:02.869116,tmf_bot,NIO,SELL,3560,4.6811,16664.716
2026-01-09 20:44:02.874196,up_down_bot,NFLX,BUY,98,89.045,8726.41
2026-01-09 20:44:02.891028,random_bot,F,BUY,706,14.165,10000.49
2026-01-09 20:44:02.917983,tmf_bot,AMD,BUY,48,204.7553,9828.2544
2026-01-09 20:44:02.918163,random_bot,ACHR,SELL,1332,8.7668,11677.3776
2026-01-09 20:44:02.930345,up_down_bot,KVUE,SELL,460,16.8498,7750.907999999999
2026-01-09 20:44:02.958227,up_down_bot,COMP,BUY,657,13.01,8547.57
2026-01-09 20:44:02.975595,random_bot,COMP,SELL,880,13.01,11448.8
2026-01-09 20:44:02.985827,up_down_bot,SMR,SELL,606,20.565,12462.390000000001
2026-01-09 20:44:03.006258,random_bot,IREN,SELL,235,46.83,11005.05
2026-01-09 20:44:03.006337,up_down_bot,SOUN,BUY,712,11.7746,8383.5152
2026-01-09 20:44:03.040639,up_down_bot,RGTI,BUY,326,25.175,8207.050000000001
2026-01-09 20:44:03.076418,up_down_bot,SNAP,SELL,1290,8.225,10610.25
2026-01-09 20:44:03.086571,random_bot,DNN,BUY,2988,3.28,9800.64
2026-01-09 20:44:03.120272,rsi_bot,ONDS,BUY,1211,14.05,17014.55
2026-01-09 20:44:03.128569,random_bot,SOUN,SELL,848,11.7746,9984.8608
2026-01-09 20:44:03.130897,up_down_bot,OKLO,BUY,76,104.85,7968.599999999999
2026-01-09 20:44:03.207051,random_bot,SNAP,SELL,1257,8.225,10338.824999999999
2026-01-09 20:44:03.207716,rsi_bot,QBTS,BUY,576,28.95,16675.2
2026-01-09 20:44:03.239649,up_down_bot,NIO,BUY,1686,4.6811,7892.3346
2026-01-09 20:44:03.249303,rsi_bot,RGTI,BUY,649,25.175,16338.575
2026-01-09 20:44:03.254313,rsi_bot,ITUB,BUY,2152,7.44,16010.880000000001
2026-01-09 20:44:03.267675,random_bot,WBD,BUY,332,28.885,9589.82
2026-01-09 20:44:03.278435,up_down_bot,JOBY,BUY,503,15.365,7728.595
2026-01-09 20:44:03.296640,up_down_bot,AGNC,SELL,1545,11.4634,17710.953
2026-01-09 20:44:03.327450,up_down_bot,PLTR,BUY,42,177.5772,7458.2424
2026-01-09 20:44:03.344895,up_down_bot,MSTR,SELL,60,157.6694,9460.164
2026-01-09 20:44:03.380120,random_bot,NIO,BUY,2011,4.6811,9413.6921
2026-01-09 20:44:03.439500,random_bot,MARA,SELL,955,10.1832,9724.956
2026-01-09 20:44:03.478082,up_down_bot,GRAB,SELL,2096,4.86,10186.560000000001
2026-01-09 20:44:03.531741,random_bot,NOK,SELL,1430,6.48,9266.400000000001
2026-01-09 20:44:03.567444,up_down_bot,VALE,BUY,531,13.98,7423.38
2026-01-09 20:44:03.567712,random_bot,AGNC,SELL,920,11.4634,10546.328
2026-01-09 20:44:03.609261,random_bot,PLTR,SELL,31,177.5772,5504.8932
2026-01-09 20:44:03.620947,random_bot,MSTR,BUY,58,157.6694,9144.8252
2026-01-09 20:44:03.631092,up_down_bot,NVO,SELL,111,59.115,6561.765
2026-01-09 20:44:03.655710,random_bot,GRAB,BUY,1861,4.86,9044.460000000001
2026-01-09 20:44:03.664918,up_down_bot,BTG,BUY,1597,4.5607,7283.4379
2026-01-09 20:44:03.692080,up_down_bot,AMZN,SELL,36,246.735,8882.460000000001
2026-01-09 20:44:03.694719,random_bot,VALE,SELL,864,13.98,12078.720000000001
2026-01-09 20:44:03.723206,up_down_bot,RIG,SELL,1536,4.215,6474.24
2026-01-09 20:44:03.724379,random_bot,BTG,BUY,1943,4.5607,8861.4401
2026-01-09 20:44:03.735065,up_down_bot,SMCI,BUY,233,30.595,7128.634999999999
2026-01-09 20:44:03.747034,random_bot,AMZN,BUY,35,246.735,8635.725
2026-01-09 20:44:03.772907,random_bot,RIG,SELL,2173,4.215,9159.195
2026-01-09 20:44:03.787468,up_down_bot,CRWV,BUY,87,80.01,6960.870000000001
2026-01-09 20:44:03.807719,up_down_bot,ASTS,BUY,69,98.54,6799.26
2026-01-09 20:44:03.816150,random_bot,RKLB,SELL,106,85.045,9014.77
2026-01-09 20:44:03.842513,random_bot,NVTS,BUY,840,10.13,8509.2
2026-01-09 20:44:03.842594,up_down_bot,CDE,SELL,436,20.2959,8849.0124
2026-01-09 20:44:03.851056,random_bot,SMCI,BUY,272,30.595,8321.84
2026-01-09 20:44:03.870505,up_down_bot,AG,SELL,451,18.825,8490.074999999999
2026-01-09 20:44:03.883886,up_down_bot,PSLV,SELL,302,26.45,7987.9
2026-01-09 20:44:03.905920,random_bot,CRWV,BUY,102,80.01,8161.02
2026-01-09 20:44:03.927078,random_bot,ASTS,BUY,81,98.54,7981.740000000001
2026-01-09 20:44:03.951257,random_bot,HIMS,SELL,272,32.355,8800.56
2026-01-09 20:44:03.958849,up_down_bot,CLSK,SELL,788,11.685,9207.78
2026-01-09 20:44:03.977870,up_down_bot,ABEV,BUY,2630,2.555,6719.650000000001
2026-01-09 20:44:03.992042,random_bot,BBD,SELL,2593,3.465,8984.744999999999
2026-01-09 20:44:03.992091,up_down_bot,GOOGL,BUY,19,330.3,6275.7
2026-01-09 20:44:04.012188,up_down_bot,VZ,SELL,189,40.715,7695.135
2026-01-09 20:44:04.012262,random_bot,NU,SELL,488,17.4048,8493.5424
2026-01-09 20:44:04.069516,up_down_bot,AVGO,BUY,18,346.11,6229.9800000000005
2026-01-09 20:44:04.069572,random_bot,YMM,BUY,753,10.425,7850.025000000001
2026-01-09 20:44:04.089843,random_bot,AG,BUY,408,18.825,7680.599999999999
2026-01-09 20:44:04.090880,up_down_bot,RIOT,SELL,446,15.28,6814.88
2026-01-09 20:44:04.091005,random_bot,EOSE,BUY,499,15.1109,7540.3391
2026-01-09 20:44:04.099555,random_bot,EXK,SELL,756,10.575,7994.7
2026-01-09 20:44:04.111471,up_down_bot,SNDK,SELL,17,379.79,6456.43
2026-01-09 20:44:04.128280,up_down_bot,QUBT,BUY,537,11.7799,6325.8063
2026-01-09 20:44:04.135374,random_bot,HBAN,SELL,464,18.22,8454.08
2026-01-09 20:44:04.158827,random_bot,T,SELL,183,24.165,4422.195
2026-01-09 20:44:04.179902,up_down_bot,HOOD,SELL,61,115.6016,7051.6976
2026-01-09 20:44:04.192957,random_bot,AVGO,BUY,21,346.11,7268.31
2026-01-09 20:44:04.193004,up_down_bot,LUNR,BUY,322,19.2686,6204.4892
2026-01-09 20:44:04.197058,random_bot,RIOT,SELL,466,15.28,7120.48
2026-01-09 20:44:04.199767,random_bot,CLF,BUY,568,12.74,7236.32
2026-01-09 20:44:04.199825,up_down_bot,GGB,BUY,1538,3.955,6082.79
2026-01-09 20:44:04.247474,up_down_bot,HL,SELL,336,22.435,7538.16
2026-01-09 20:44:04.247538,random_bot,SNDK,SELL,20,379.79,7595.8
2026-01-09 20:44:04.261475,up_down_bot,WULF,SELL,506,12.945,6550.17
2026-01-09 20:44:04.276895,up_down_bot,GOOG,BUY,18,331.07,5959.26
2026-01-09 20:44:04.281918,random_bot,AUR,BUY,1504,4.72,7098.879999999999
2026-01-09 20:44:04.289940,random_bot,QUBT,BUY,590,11.7799,6950.141
2026-01-09 20:44:04.307013,up_down_bot,KO,BUY,83,70.405,5843.615
2026-01-09 20:44:04.307134,random_bot,HOOD,BUY,59,115.6016,6820.4944000000005
2026-01-09 20:44:04.313446,up_down_bot,NLY,BUY,244,23.395,5708.38
2026-01-09 20:44:04.322307,random_bot,LUNR,BUY,346,19.2686,6666.9356
2026-01-09 20:44:04.323354,up_down_bot,ITUB,BUY,754,7.44,5609.76
2026-01-09 20:44:04.324626,random_bot,WMT,SELL,71,114.81,8151.51
2026-01-09 20:44:04.327373,up_down_bot,CMG,SELL,149,39.765,5924.985
2026-01-09 20:44:04.332758,random_bot,AMD,BUY,31,204.7553,6347.4143
2026-01-09 20:44:04.348528,up_down_bot,SLB,SELL,127,44.815,5691.505
2026-01-09 20:44:04.357018,random_bot,STLA,SELL,718,10.87,7804.66
2026-01-09 20:44:04.369129,random_bot,CMCSA,SELL,268,28.455,7625.94
2026-01-09 20:44:04.385113,random_bot,RXRX,BUY,1379,4.6575,6422.6925
2026-01-09 20:44:04.401985,random_bot,KO,BUY,89,70.405,6266.045
2026-01-09 20:44:04.406799,random_bot,UUUU,SELL,361,18.135,6546.735000000001
2026-01-09 20:44:04.413015,random_bot,ITUB,SELL,968,7.44,7201.92
2026-01-09 20:44:04.420965,random_bot,LRCX,SELL,32,218.33,6986.56
2026-01-09 20:44:04.440331,random_bot,CMG,SELL,168,39.765,6680.52
2026-01-09 20:44:04.446160,random_bot,SLB,BUY,137,44.815,6139.655
2026-01-09 20:44:04.453982,random_bot,VST,BUY,36,167.36,6024.960000000001
2026-01-09 20:44:04.570075,stoch_bot,JOBY,BUY,696,15.365,10694.04
2026-01-09 20:44:04.573045,stoch_bot,HBAN,BUY,575,18.22,10476.5
2026-01-09 20:44:04.573692,stoch_bot,CLF,BUY,806,12.74,10268.44
2026-01-09 20:44:04.619935,obv_bot,APLD,BUY,377,37.945,14305.265
2026-01-09 20:44:04.620274,obv_bot,KVUE,SELL,903,16.8498,15215.369399999998
2026-01-09 20:45:02.559045,random_bot,COMP,BUY,828,13.025,10784.7
2026-01-09 20:45:02.664376,up_down_bot,AAL,BUY,617,15.915,9819.555
2026-01-09 20:45:02.699141,up_down_bot,SMR,BUY,468,20.58,9631.439999999999
2026-01-09 20:45:02.728552,random_bot,TSLA,BUY,23,445.34,10242.82
2026-01-09 20:45:02.776420,up_down_bot,TSLA,BUY,21,445.34,9352.14
2026-01-09 20:45:02.862739,tmf_bot,PLUG,SELL,4638,2.21,10249.98
2026-01-09 20:45:02.952757,up_down_bot,OPEN,SELL,982,7.3945,7261.398999999999
2026-01-09 20:45:02.959418,random_bot,ACHR,BUY,1181,8.78,10369.179999999998
2026-01-09 20:45:02.976604,random_bot,F,SELL,706,14.165,10000.49
2026-01-09 20:45:03.015602,tmf_bot,ORCL,BUY,50,199.7,9985.0
2026-01-09 20:45:03.022927,up_down_bot,NVDA,SELL,48,185.905,8923.44
2026-01-09 20:45:03.057286,up_down_bot,RKT,BUY,405,22.805,9236.025
2026-01-09 20:45:03.092459,random_bot,RKT,BUY,445,22.805,10148.225
2026-01-09 20:45:03.092550,tmf_bot,AUR,BUY,2084,4.73,9857.320000000002
2026-01-09 20:45:03.097627,up_down_bot,ONDS,SELL,841,14.0245,11794.6045
2026-01-09 20:45:03.114318,random_bot,QBTS,BUY,343,28.965,9934.995
2026-01-09 20:45:03.118197,random_bot,IREN,BUY,208,46.905,9756.24
2026-01-09 20:45:03.130118,tmf_bot,WULF,SELL,934,12.944,12089.696
2026-01-09 20:45:03.130451,up_down_bot,KVUE,BUY,538,16.855,9067.99
2026-01-09 20:45:03.131044,random_bot,PLUG,SELL,4895,2.21,10817.95
2026-01-09 20:45:03.201536,random_bot,DNN,SELL,2988,3.2801,9800.9388
2026-01-09 20:45:03.202163,up_down_bot,SOUN,SELL,712,11.7599,8373.0488
2026-01-09 20:45:03.246588,up_down_bot,DNN,BUY,2710,3.2801,8889.071
2026-01-09 20:45:03.250257,tmf_bot,AMD,SELL,48,204.785,9829.68
2026-01-09 20:45:03.305287,up_down_bot,RGTI,SELL,326,25.1699,8205.3874
2026-01-09 20:45:03.308266,random_bot,SNAP,BUY,1163,8.2219,9562.0697
2026-01-09 20:45:03.310552,tmf_bot,ITUB,SELL,1354,7.435,10066.99
2026-01-09 20:45:03.349891,random_bot,RGTI,SELL,430,25.1699,10823.056999999999
2026-01-09 20:45:03.398441,up_down_bot,NOK,SELL,2524,6.4787,16352.2388
2026-01-09 20:45:03.398523,rsi_bot,SMR,BUY,762,20.58,15681.96
2026-01-09 20:45:03.423137,rsi_bot,JOBY,BUY,999,15.385,15369.615
2026-01-09 20:45:03.483829,up_down_bot,MARA,BUY,855,10.185,8708.175000000001
2026-01-09 20:45:03.545890,up_down_bot,NIO,SELL,1686,4.675,7882.049999999999
2026-01-09 20:45:03.545989,random_bot,BMNR,SELL,326,30.3602,9897.4252
2026-01-09 20:45:03.636802,rsi_bot,ASTS,BUY,152,98.85,15025.199999999999
2026-01-09 20:45:03.646844,rsi_bot,AUR,BUY,3123,4.73,14771.79
2026-01-09 20:45:03.673754,random_bot,OKLO,SELL,96,104.88,10068.48
2026-01-09 20:45:03.679263,up_down_bot,AGNC,BUY,744,11.4679,8532.1176
2026-01-09 20:45:03.745602,up_down_bot,SOFI,SELL,411,27.4409,11278.2099
2026-01-09 20:45:03.748754,up_down_bot,PLTR,SELL,42,177.545,7456.889999999999
2026-01-09 20:45:03.764965,up_down_bot,AAPL,SELL,40,259.8199,10392.796
2026-01-09 20:45:03.775609,random_bot,WBD,SELL,332,28.885,9589.82
2026-01-09 20:45:03.775885,up_down_bot,MU,SELL,29,343.95,9974.55
2026-01-09 20:45:03.786947,up_down_bot,NVTS,SELL,929,10.125,9406.125
2026-01-09 20:45:03.820658,up_down_bot,CRWV,SELL,87,80.0,6960.0
2026-01-09 20:45:03.832043,random_bot,MARA,BUY,920,10.185,9370.2
2026-01-09 20:45:03.901035,up_down_bot,RIG,BUY,1982,4.22,8364.039999999999
2026-01-09 20:45:03.911434,random_bot,JOBY,BUY,597,15.385,9184.845
2026-01-09 20:45:03.969904,up_down_bot,NU,BUY,471,17.405,8197.755000000001
2026-01-09 20:45:04.021165,up_down_bot,CDE,BUY,395,20.3,8018.5
2026-01-09 20:45:04.021230,ema_crossover_bot,UWMC,BUY,2441,5.285,12900.685
2026-01-09 20:45:04.026981,up_down_bot,HPE,SELL,283,22.335,6320.805
2026-01-09 20:45:04.027037,random_bot,AGNC,BUY,785,11.4679,9002.3015
2026-01-09 20:45:04.042065,up_down_bot,CIFR,BUY,473,16.645,7873.085
2026-01-09 20:45:04.045594,random_bot,GRAB,SELL,1861,4.86,9044.460000000001
2026-01-09 20:45:04.094772,up_down_bot,CLSK,BUY,660,11.6868,7713.288
2026-01-09 20:45:04.105623,random_bot,SOFI,SELL,408,27.4409,11195.8872
2026-01-09 20:45:04.121965,up_down_bot,AG,BUY,401,18.8301,7550.870100000001
2026-01-09 20:45:04.131476,random_bot,NVO,SELL,158,59.1,9337.800000000001
2026-01-09 20:45:04.137447,up_down_bot,EXK,BUY,700,10.58,7406.0
2026-01-09 20:45:04.142256,random_bot,PLTR,BUY,49,177.545,8699.705
2026-01-09 20:45:04.157153,random_bot,AAPL,SELL,34,259.8199,8833.876600000001
2026-01-09 20:45:04.174786,up_down_bot,VZ,BUY,178,40.718,7247.804000000001
2026-01-09 20:45:04.174869,random_bot,VALE,BUY,618,13.98,8639.64
2026-01-09 20:45:04.198132,up_down_bot,SNDK,BUY,18,379.895,6838.11
2026-01-09 20:45:04.198195,random_bot,MU,SELL,27,343.95,9286.65
2026-01-09 20:45:04.208933,up_down_bot,CLF,SELL,580,12.7392,7388.736
2026-01-09 20:45:04.259048,up_down_bot,T,BUY,288,24.1651,6959.5488
2026-01-09 20:45:04.268476,random_bot,BTG,SELL,1943,4.565,8869.795
2026-01-09 20:45:04.276483,random_bot,NVTS,SELL,840,10.125,8505.0
2026-01-09 20:45:04.280160,up_down_bot,RIOT,BUY,447,15.285,6832.395
2026-01-09 20:45:04.303418,random_bot,CRWV,SELL,102,80.0,8160.0
2026-01-09 20:45:04.303575,up_down_bot,AUR,BUY,1417,4.73,6702.410000000001
2026-01-09 20:45:04.326338,random_bot,RIG,BUY,2009,4.22,8477.98
2026-01-09 20:45:04.340665,up_down_bot,HOOD,BUY,56,115.66,6476.96
2026-01-09 20:45:04.340704,random_bot,NU,BUY,477,17.405,8302.185000000001
2026-01-09 20:45:04.343266,up_down_bot,NKE,SELL,199,65.59,13052.41
2026-01-09 20:45:04.347622,random_bot,RKLB,BUY,95,85.2099,8094.940500000001
2026-01-09 20:45:04.359891,up_down_bot,HBAN,BUY,353,18.225,6433.425
2026-01-09 20:45:04.391780,up_down_bot,GGB,SELL,1538,3.95,6075.1
2026-01-09 20:45:04.396667,random_bot,CDE,SELL,402,20.3,8160.6
2026-01-09 20:45:04.408748,random_bot,MSTR,SELL,58,157.62,9141.960000000001
2026-01-09 20:45:04.409962,up_down_bot,WMT,SELL,60,114.79,6887.400000000001
2026-01-09 20:45:04.417860,up_down_bot,CMCSA,BUY,221,28.4563,6288.842299999999
2026-01-09 20:45:04.442902,random_bot,HIMS,BUY,246,32.355,7959.329999999999
2026-01-09 20:45:04.475787,up_down_bot,QUBT,SELL,537,11.77,6320.49
2026-01-09 20:45:04.479060,up_down_bot,HPQ,SELL,547,21.275,11637.425
2026-01-09 20:45:04.485688,random_bot,YMM,SELL,753,10.425,7850.025000000001
2026-01-09 20:45:04.506672,random_bot,ORCL,BUY,39,199.7,7788.299999999999
2026-01-09 20:45:04.533004,random_bot,EXK,BUY,724,10.58,7659.92
2026-01-09 20:45:04.533154,up_down_bot,SLB,BUY,138,44.825,6185.85
2026-01-09 20:45:04.555095,random_bot,ABEV,BUY,2934,2.56,7511.04
2026-01-09 20:45:04.555282,up_down_bot,RXRX,SELL,1327,4.65,6170.55
2026-01-09 20:45:04.560783,up_down_bot,KO,SELL,83,70.4034,5843.4822
2026-01-09 20:45:04.563347,random_bot,AMZN,SELL,35,246.72,8635.2
2026-01-09 20:45:04.588642,up_down_bot,UUUU,SELL,354,18.13,6418.0199999999995
2026-01-09 20:45:04.611605,random_bot,EOSE,SELL,499,15.1499,7559.8001
2026-01-09 20:45:04.623763,random_bot,T,BUY,304,24.1651,7346.1903999999995
2026-01-09 20:45:04.626250,up_down_bot,ITUB,SELL,754,7.435,5605.99
2026-01-09 20:45:04.636767,random_bot,GOOGL,BUY,21,330.328,6936.887999999999
2026-01-09 20:45:04.646919,up_down_bot,MSFT,SELL,12,478.67,5744.04
2026-01-09 20:45:04.646967,random_bot,WULF,SELL,639,12.944,8271.216
2026-01-09 20:45:04.672361,up_down_bot,LRCX,SELL,26,218.28,5675.28
2026-01-09 20:45:04.677226,random_bot,HBAN,BUY,388,18.225,7071.3
2026-01-09 20:45:04.681477,random_bot,AMD,SELL,31,204.785,6348.335
2026-01-09 20:45:04.698631,random_bot,GGB,BUY,1755,3.95,6932.25
2026-01-09 20:45:04.707901,random_bot,WMT,BUY,59,114.79,6772.610000000001
2026-01-09 20:45:04.712235,macd_crossover_bot,UWMC,BUY,2984,5.285,15770.44
2026-01-09 20:45:04.722220,random_bot,QUBT,SELL,590,11.77,6944.3
2026-01-09 20:45:04.729779,random_bot,AVGO,SELL,21,346.19,7269.99
2026-01-09 20:45:04.737581,random_bot,BTE,BUY,2003,3.325,6659.975
2026-01-09 20:45:04.746353,random_bot,HPQ,SELL,374,21.275,7956.849999999999
2026-01-09 20:45:04.748838,random_bot,FCX,SELL,132,56.545,7463.9400000000005
2026-01-09 20:45:04.750326,random_bot,SLB,SELL,137,44.825,6141.025000000001
2026-01-09 20:45:04.762868,random_bot,KO,SELL,89,70.4034,6265.9026
2026-01-09 20:45:04.767330,random_bot,IBRX,SELL,3016,2.355,7102.68
2026-01-09 20:45:04.777157,random_bot,ITUB,BUY,878,7.435,6527.929999999999
2026-01-09 20:45:04.781564,random_bot,NLY,SELL,291,23.395,6807.945
2026-01-09 20:45:04.794757,random_bot,MSFT,BUY,13,478.67,6222.71
2026-01-09 20:45:04.855929,stoch_bot,SOUN,BUY,856,11.7599,10066.4744
2026-01-09 20:45:04.858733,stoch_bot,PATH,BUY,607,16.255,9866.785
2026-01-09 20:45:04.952092,obv_bot,ACHR,BUY,1634,8.78,14346.519999999999
2026-01-09 20:45:04.952506,obv_bot,UWMC,BUY,2661,5.285,14063.385
2026-01-09 20:45:04.952924,obv_bot,NVO,SELL,247,59.1,14597.7
2026-01-09 20:45:04.953265,obv_bot,AAPL,SELL,57,259.8199,14809.734300000002
2026-01-09 20:45:04.953678,obv_bot,MU,SELL,42,343.95,14445.9
2026-01-09 20:45:04.953913,obv_bot,AVGO,BUY,39,346.19,13501.41
2026-01-09 20:46:04.745400,up_down_bot,SMR,SELL,468,20.576,9629.568000000001
2026-01-09 20:46:04.885260,random_bot,SMR,BUY,553,20.576,11378.528
2026-01-09 20:46:04.909359,up_down_bot,ACHR,SELL,1313,8.775,11521.575
2026-01-09 20:46:04.968834,random_bot,ACHR,SELL,1181,8.775,10363.275
2026-01-09 20:46:05.086688,up_down_bot,COMP,SELL,657,13.015,8550.855
2026-01-09 20:46:05.087012,random_bot,BBAI,BUY,1795,6.22,11164.9
2026-01-09 20:46:05.103275,random_bot,COMP,SELL,828,13.015,10776.42
2026-01-09 20:46:05.146753,up_down_bot,APLD,SELL,267,37.85,10105.95
2026-01-09 20:46:05.199539,random_bot,UWMC,BUY,2071,5.285,10945.235
2026-01-09 20:46:05.201115,up_down_bot,TSLA,SELL,21,445.31,9351.51
2026-01-09 20:46:05.206850,tmf_bot,AAL,BUY,660,15.915,10503.9
2026-01-09 20:46:05.206889,random_bot,OPEN,SELL,1403,7.38,10354.14
2026-01-09 20:46:05.241882,up_down_bot,PLUG,BUY,4701,2.215,10412.715
2026-01-09 20:46:05.271195,tmf_bot,WULF,BUY,794,12.955,10286.27
2026-01-09 20:46:05.310117,up_down_bot,INTC,SELL,218,45.3755,9891.859
2026-01-09 20:46:05.316523,random_bot,NFLX,SELL,114,89.1446,10162.4844
2026-01-09 20:46:05.390520,up_down_bot,DNN,SELL,2710,3.2799,8888.529
2026-01-09 20:46:05.427173,random_bot,DNN,BUY,3270,3.2799,10725.273
2026-01-09 20:46:05.497960,up_down_bot,SNAP,BUY,1240,8.225,10199.0
2026-01-09 20:46:05.521809,random_bot,SNAP,SELL,1163,8.225,9565.675
2026-01-09 20:46:05.551461,up_down_bot,QBTS,SELL,307,28.9393,8884.365099999999
2026-01-09 20:46:05.608733,random_bot,NIO,SELL,2011,4.67,9391.369999999999
2026-01-09 20:46:05.634125,random_bot,AGNC,SELL,785,11.4759,9008.5815
2026-01-09 20:46:05.643006,up_down_bot,OKLO,SELL,76,104.8,7964.8
2026-01-09 20:46:05.647990,rsi_bot,AGNC,BUY,1261,11.4759,14471.1099
2026-01-09 20:46:05.716071,random_bot,RIVN,BUY,550,19.095,10502.25
2026-01-09 20:46:05.721871,rsi_bot,PSLV,BUY,536,26.455,14179.88
2026-01-09 20:46:05.762153,rsi_bot,CDE,BUY,684,20.31,13892.039999999999
2026-01-09 20:46:05.762242,up_down_bot,BMNR,BUY,328,30.4,9971.199999999999
2026-01-09 20:46:05.784068,rsi_bot,CLF,BUY,1069,12.745,13624.404999999999
2026-01-09 20:46:05.799677,random_bot,PFE,BUY,404,25.48,10293.92
2026-01-09 20:46:05.809000,rsi_bot,CMG,BUY,335,39.795,13331.325
2026-01-09 20:46:05.823578,random_bot,GRAB,BUY,2077,4.86,10094.220000000001
2026-01-09 20:46:05.866629,random_bot,CRWV,BUY,123,80.04,9844.92
2026-01-09 20:46:05.868998,up_down_bot,RIVN,SELL,345,19.095,6587.775
2026-01-09 20:46:05.897003,random_bot,AAPL,BUY,37,259.77,9611.49
2026-01-09 20:46:05.971739,random_bot,RIG,SELL,2009,4.215,8467.935
2026-01-09 20:46:06.050160,random_bot,VALE,SELL,618,13.9793,8639.2074
2026-01-09 20:46:06.067579,up_down_bot,MARA,SELL,855,10.175,8699.625
2026-01-09 20:46:06.107550,up_down_bot,NVO,BUY,165,59.1101,9753.166500000001
2026-01-09 20:46:06.112370,random_bot,BTG,BUY,2084,4.56,9503.039999999999
2026-01-09 20:46:06.143983,random_bot,NVTS,BUY,922,10.1,9312.199999999999
2026-01-09 20:46:06.168728,up_down_bot,NOK,BUY,1481,6.485,9604.285
2026-01-09 20:46:06.194036,random_bot,ASTS,SELL,81,98.885,8009.685
2026-01-09 20:46:06.221573,random_bot,BBD,BUY,2630,3.47,9126.1
2026-01-09 20:46:06.221673,up_down_bot,CRWV,BUY,117,80.04,9364.68
2026-01-09 20:46:06.254057,sma_crossover_bot,UWMC,BUY,2972,5.285,15707.02
2026-01-09 20:46:06.283881,up_down_bot,RIG,SELL,1982,4.215,8354.13
2026-01-09 20:46:06.313632,random_bot,SMCI,SELL,272,30.515,8300.08
2026-01-09 20:46:06.332531,random_bot,PSLV,SELL,326,26.455,8624.33
2026-01-09 20:46:06.350143,up_down_bot,VALE,SELL,531,13.9793,7423.0083
2026-01-09 20:46:06.350204,random_bot,CLSK,BUY,765,11.68,8935.199999999999
2026-01-09 20:46:06.359244,up_down_bot,MU,BUY,26,344.35,8953.1
2026-01-09 20:46:06.368089,up_down_bot,BTG,SELL,1597,4.56,7282.32
2026-01-09 20:46:06.408194,random_bot,ABEV,SELL,2934,2.5502,7482.2868
2026-01-09 20:46:06.408267,up_down_bot,CIFR,SELL,473,16.5954,7849.624200000001
2026-01-09 20:46:06.414010,up_down_bot,BBD,BUY,2607,3.47,9046.29
2026-01-09 20:46:06.416933,up_down_bot,SMCI,SELL,233,30.515,7109.995
2026-01-09 20:46:06.445524,random_bot,YMM,BUY,841,10.42,8763.22
2026-01-09 20:46:06.478920,random_bot,ORCL,SELL,39,199.84,7793.76
2026-01-09 20:46:06.494170,up_down_bot,PSLV,BUY,335,26.455,8862.425
2026-01-09 20:46:06.500025,random_bot,EOSE,BUY,566,15.1689,8585.5974
2026-01-09 20:46:06.505748,random_bot,HIMS,SELL,246,32.3237,7951.6302000000005
2026-01-09 20:46:06.505956,up_down_bot,RKLB,SELL,115,85.19,9796.85
2026-01-09 20:46:06.535828,random_bot,AMZN,BUY,34,246.7682,8390.1188
2026-01-09 20:46:06.536695,up_down_bot,CLSK,SELL,660,11.68,7708.8
2026-01-09 20:46:06.547020,up_down_bot,ABEV,SELL,2630,2.5502,6707.026
2026-01-09 20:46:06.566500,up_down_bot,YMM,SELL,800,10.42,8336.0
2026-01-09 20:46:06.591395,up_down_bot,HIMS,SELL,252,32.3237,8145.572400000001
2026-01-09 20:46:06.623121,random_bot,BAC,SELL,82,56.0799,4598.5518
2026-01-09 20:46:06.642432,up_down_bot,AMZN,BUY,35,246.7682,8636.887
2026-01-09 20:46:06.642621,random_bot,EXK,SELL,724,10.6,7674.4
2026-01-09 20:46:06.649881,up_down_bot,BAC,SELL,140,56.0799,7851.186000000001
2026-01-09 20:46:06.666411,up_down_bot,T,SELL,288,24.155,6956.64
2026-01-09 20:46:06.672146,random_bot,AG,SELL,408,18.84,7686.72
2026-01-09 20:46:06.678900,up_down_bot,GOOGL,SELL,19,330.3,6275.7
2026-01-09 20:46:06.688094,random_bot,T,SELL,304,24.155,7343.120000000001
2026-01-09 20:46:06.711158,up_down_bot,AMD,SELL,35,204.73,7165.549999999999
2026-01-09 20:46:06.722326,random_bot,HPE,BUY,369,22.335,8241.615
2026-01-09 20:46:06.742082,up_down_bot,CLF,BUY,668,12.745,8513.66
2026-01-09 20:46:06.755033,random_bot,VZ,BUY,198,40.727,8063.945999999999
2026-01-09 20:46:06.760424,random_bot,AMD,BUY,38,204.73,7779.74
2026-01-09 20:46:06.769561,up_down_bot,HL,BUY,371,22.46,8332.66
2026-01-09 20:46:06.776280,random_bot,HBAN,SELL,388,18.225,7071.3
2026-01-09 20:46:06.840607,up_down_bot,HOOD,SELL,56,115.62,6474.72
2026-01-09 20:46:06.866033,random_bot,GGB,SELL,1755,3.95,6932.25
2026-01-09 20:46:06.880147,up_down_bot,SNDK,SELL,18,378.51,6813.18
2026-01-09 20:46:06.917598,up_down_bot,CMCSA,SELL,221,28.455,6288.554999999999
2026-01-09 20:46:06.924448,random_bot,CLF,SELL,568,12.745,7239.16
2026-01-09 20:46:06.938413,up_down_bot,WULF,BUY,631,12.955,8174.6050000000005
2026-01-09 20:46:06.952004,up_down_bot,LUNR,SELL,322,19.2799,6208.1278
2026-01-09 20:46:06.955796,random_bot,HOOD,SELL,59,115.62,6821.58
2026-01-09 20:46:06.963469,up_down_bot,KO,BUY,113,70.41,7956.33
2026-01-09 20:46:06.967539,up_down_bot,VST,SELL,36,167.4,6026.400000000001
2026-01-09 20:46:06.979266,up_down_bot,STLA,SELL,1050,10.86,11403.0
2026-01-09 20:46:06.991500,random_bot,RIOT,BUY,508,15.285,7764.78
2026-01-09 20:46:07.001768,up_down_bot,WMT,BUY,68,114.84,7809.12
2026-01-09 20:46:07.005259,random_bot,SNDK,BUY,20,378.51,7570.2
2026-01-09 20:46:07.025746,up_down_bot,AVGO,SELL,18,346.09,6229.62
2026-01-09 20:46:07.025834,random_bot,QUBT,BUY,634,11.7566,7453.6844
2026-01-09 20:46:07.034140,random_bot,CMCSA,BUY,257,28.455,7312.9349999999995
2026-01-09 20:46:07.044870,random_bot,HPQ,BUY,337,21.265,7166.305
2026-01-09 20:46:07.081856,up_down_bot,GOOG,SELL,18,331.09,5959.62
2026-01-09 20:46:07.082356,random_bot,PATH,SELL,499,16.235,8101.264999999999
2026-01-09 20:46:07.114063,up_down_bot,SLB,SELL,138,44.8199,6185.146199999999
2026-01-09 20:46:07.114129,random_bot,LUNR,SELL,346,19.2799,6670.8454
2026-01-09 20:46:07.116028,up_down_bot,CMG,BUY,193,39.795,7680.435
2026-01-09 20:46:07.125523,random_bot,ITUB,SELL,878,7.435,6527.929999999999
2026-01-09 20:46:07.125580,up_down_bot,MSFT,BUY,15,478.745,7181.175
2026-01-09 20:46:07.173353,random_bot,RXRX,SELL,1379,4.65,6412.35
2026-01-09 20:46:07.198310,random_bot,VST,SELL,36,167.4,6026.400000000001
2026-01-09 20:46:07.219096,random_bot,WMT,SELL,59,114.84,6775.56
2026-01-09 20:46:07.229183,random_bot,BTE,SELL,2003,3.325,6659.975
2026-01-09 20:46:07.231567,random_bot,AVGO,BUY,20,346.09,6921.799999999999
2026-01-09 20:46:07.251834,random_bot,NLY,BUY,294,23.41,6882.54
2026-01-09 20:46:07.252165,macd_crossover_bot,ACHR,BUY,1761,8.775,15452.775000000001
2026-01-09 20:46:07.263309,random_bot,GOOG,SELL,22,331.09,7283.98
2026-01-09 20:46:07.266265,random_bot,SLB,BUY,150,44.8199,6722.985
2026-01-09 20:46:07.279169,random_bot,CMG,BUY,166,39.795,6605.97
2026-01-09 20:46:07.292280,random_bot,IBRX,BUY,2753,2.355,6483.315
2026-01-09 20:46:07.375770,stoch_bot,PSLV,BUY,365,26.455,9656.074999999999
2026-01-09 20:46:07.379103,stoch_bot,CDE,BUY,466,20.31,9464.46
2026-01-09 20:46:07.432234,obv_bot,NFLX,BUY,161,89.1446,14352.2806
2026-01-09 20:46:07.432479,obv_bot,MU,BUY,40,344.35,13774.0
2026-01-09 20:46:07.432775,obv_bot,GOOGL,SELL,50,330.3,16515.0
2026-01-09 20:46:07.432987,obv_bot,AVGO,SELL,39,346.09,13497.509999999998
2026-01-09 20:46:07.433205,obv_bot,LRCX,SELL,67,218.135,14615.045
2026-01-09 20:47:03.384703,up_down_bot,AAL,SELL,617,15.905,9813.385
2026-01-09 20:47:03.419048,tmf_bot,BBAI,BUY,1620,6.23,10092.6
2026-01-09 20:47:03.469088,up_down_bot,OPEN,BUY,1726,7.4,12772.400000000001
2026-01-09 20:47:03.497853,random_bot,AAL,SELL,748,15.905,11896.939999999999
2026-01-09 20:47:03.569839,random_bot,NVDA,SELL,55,185.959,10227.745
2026-01-09 20:47:03.589714,tmf_bot,MARA,BUY,970,10.195,9889.15
2026-01-09 20:47:03.619881,tmf_bot,NU,BUY,556,17.415,9682.74
2026-01-09 20:47:03.621575,random_bot,UWMC,SELL,2071,5.285,10945.235
2026-01-09 20:47:03.645039,random_bot,TSLA,SELL,23,445.865,10254.895
2026-01-09 20:47:03.652974,up_down_bot,NVDA,BUY,67,185.959,12459.253
2026-01-09 20:47:03.664083,tmf_bot,AMD,BUY,46,204.87,9424.02
2026-01-09 20:47:03.667384,tmf_bot,UUUU,BUY,513,18.1202,9295.6626
2026-01-09 20:47:03.708672,random_bot,COMP,BUY,863,13.025,11240.575
2026-01-09 20:47:03.762958,random_bot,PLUG,BUY,4965,2.2199,11021.8035
2026-01-09 20:47:03.839335,random_bot,BBAI,SELL,1795,6.23,11182.85
2026-01-09 20:47:03.853429,up_down_bot,APLD,BUY,322,38.01,12239.22
2026-01-09 20:47:03.887024,random_bot,F,BUY,762,14.165,10793.73
2026-01-09 20:47:03.897205,random_bot,ACHR,BUY,1205,8.7799,10579.779499999999
2026-01-09 20:47:03.927376,up_down_bot,TSLA,BUY,26,445.865,11592.49
2026-01-09 20:47:03.927422,random_bot,ONDS,SELL,756,14.045,10618.02
2026-01-09 20:47:04.071165,random_bot,KVUE,SELL,561,16.86,9458.46
2026-01-09 20:47:04.103305,up_down_bot,RKT,SELL,405,22.815,9240.075
2026-01-09 20:47:04.117552,random_bot,DNN,SELL,3270,3.28,10725.599999999999
2026-01-09 20:47:04.127857,rsi_bot,COMP,BUY,1004,13.025,13077.1
2026-01-09 20:47:04.134052,up_down_bot,COMP,BUY,905,13.025,11787.625
2026-01-09 20:47:04.231508,rsi_bot,BBAI,BUY,2059,6.23,12827.570000000002
2026-01-09 20:47:04.282362,rsi_bot,BMNR,BUY,412,30.49,12561.88
2026-01-09 20:47:04.287187,random_bot,QBTS,SELL,343,28.99,9943.57
2026-01-09 20:47:04.301960,up_down_bot,SMR,BUY,561,20.595,11553.795
2026-01-09 20:47:04.316371,rsi_bot,GRAB,BUY,2532,4.865,12318.18
2026-01-09 20:47:04.359788,random_bot,NIO,BUY,2221,4.67,10372.07
2026-01-09 20:47:04.411070,random_bot,SNAP,BUY,1236,8.225,10166.1
2026-01-09 20:47:04.411142,rsi_bot,PLTR,BUY,68,177.38,12061.84
2026-01-09 20:47:04.411421,up_down_bot,ACHR,BUY,1290,8.7799,11326.071
2026-01-09 20:47:04.467408,random_bot,NVO,BUY,168,59.1365,9934.931999999999
2026-01-09 20:47:04.480986,up_down_bot,ONDS,BUY,790,14.045,11095.55
2026-01-09 20:47:04.481273,rsi_bot,RIOT,BUY,772,15.315,11823.18
2026-01-09 20:47:04.481357,random_bot,NVTS,SELL,922,10.13,9339.86
2026-01-09 20:47:04.483081,random_bot,PFE,SELL,404,25.465,10287.86
2026-01-09 20:47:04.485418,random_bot,RKLB,SELL,95,85.275,8101.125000000001
2026-01-09 20:47:04.492693,rsi_bot,QUBT,BUY,984,11.78,11591.519999999999
2026-01-09 20:47:04.515905,rsi_bot,NKE,BUY,173,65.61,11350.53
2026-01-09 20:47:04.517506,ema_crossover_bot,ACHR,BUY,1440,8.7799,12643.055999999999
2026-01-09 20:47:04.540942,rsi_bot,HOOD,BUY,96,115.745,11111.52
2026-01-09 20:47:04.549086,rsi_bot,WULF,BUY,840,12.98,10903.2
2026-01-09 20:47:04.549332,ema_crossover_bot,NIO,SELL,3938,4.67,18390.46
2026-01-09 20:47:04.549371,up_down_bot,INTC,BUY,239,45.4641,10865.9199
2026-01-09 20:47:04.564454,random_bot,PSLV,BUY,369,26.455,9761.894999999999
2026-01-09 20:47:04.570603,up_down_bot,SOUN,BUY,906,11.765,10659.09
2026-01-09 20:47:04.577392,random_bot,CIFR,SELL,512,16.625,8512.0
2026-01-09 20:47:04.666482,random_bot,ASTS,BUY,96,98.9827,9502.339199999999
2026-01-09 20:47:04.669119,random_bot,NU,SELL,477,17.415,8306.955
2026-01-09 20:47:04.682697,random_bot,CDE,BUY,461,20.3199,9367.4739
2026-01-09 20:47:04.688809,up_down_bot,DNN,BUY,3185,3.28,10446.8
2026-01-09 20:47:04.736233,up_down_bot,QBTS,BUY,353,28.99,10233.47
2026-01-09 20:47:04.746713,up_down_bot,SOFI,BUY,365,27.455,10021.074999999999
2026-01-09 20:47:04.748996,random_bot,RIG,BUY,2181,4.215,9192.914999999999
2026-01-09 20:47:04.771229,random_bot,CRWV,SELL,123,80.15,9858.45
2026-01-09 20:47:04.784481,up_down_bot,AGNC,SELL,744,11.47,8533.68
2026-01-09 20:47:04.804339,up_down_bot,AAPL,BUY,37,259.84,9614.08
2026-01-09 20:47:04.850332,random_bot,SMCI,BUY,295,30.53,9006.35
2026-01-09 20:47:04.850452,up_down_bot,OKLO,BUY,91,105.27,9579.57
2026-01-09 20:47:04.886327,random_bot,AMZN,SELL,34,246.83,8392.220000000001
2026-01-09 20:47:04.919041,up_down_bot,MARA,BUY,927,10.195,9450.765
2026-01-09 20:47:04.932785,up_down_bot,GRAB,BUY,1903,4.865,9258.095000000001
2026-01-09 20:47:04.979858,random_bot,CLSK,SELL,765,11.7,8950.5
2026-01-09 20:47:04.982027,up_down_bot,RGTI,BUY,360,25.1793,9064.548
2026-01-09 20:47:05.005354,random_bot,EXK,BUY,832,10.6,8819.199999999999
2026-01-09 20:47:05.031099,random_bot,HIMS,BUY,267,32.3654,8641.5618
2026-01-09 20:47:05.035125,up_down_bot,VALE,BUY,636,13.98,8891.28
2026-01-09 20:47:05.047250,up_down_bot,PLTR,BUY,49,177.38,8691.619999999999
2026-01-09 20:47:05.101497,up_down_bot,MSTR,BUY,54,157.635,8512.289999999999
2026-01-09 20:47:05.101610,random_bot,EOSE,SELL,566,15.19,8597.539999999999
2026-01-09 20:47:05.105457,up_down_bot,NVTS,BUY,826,10.13,8367.380000000001
2026-01-09 20:47:05.109257,random_bot,AUR,SELL,1504,4.735,7121.4400000000005
2026-01-09 20:47:05.111319,up_down_bot,PFE,SELL,281,25.465,7155.665
2026-01-09 20:47:05.115519,random_bot,GOOGL,SELL,21,330.4291,6939.0111
2026-01-09 20:47:05.115672,up_down_bot,BBD,SELL,2607,3.465,9033.255
2026-01-09 20:47:05.117914,random_bot,HBAN,BUY,465,18.23,8476.95
2026-01-09 20:47:05.120438,macd_crossover_bot,NOK,BUY,2336,6.485,15148.960000000001
2026-01-09 20:47:05.129038,up_down_bot,RKLB,BUY,96,85.275,8186.400000000001
2026-01-09 20:47:05.129104,macd_crossover_bot,CRWV,BUY,185,80.15,14827.750000000002
2026-01-09 20:47:05.129194,random_bot,QUBT,SELL,634,11.78,7468.5199999999995
2026-01-09 20:47:05.142158,up_down_bot,CIFR,BUY,483,16.625,8029.875
2026-01-09 20:47:05.143492,random_bot,T,BUY,344,24.154,8308.976
2026-01-09 20:47:05.145064,up_down_bot,SMCI,BUY,258,30.53,7876.740000000001
2026-01-09 20:47:05.147670,random_bot,AMD,SELL,38,204.87,7785.06
2026-01-09 20:47:05.148704,up_down_bot,CLSK,BUY,660,11.7,7721.999999999999
2026-01-09 20:47:05.150914,random_bot,GGB,BUY,2061,3.95,8140.950000000001
2026-01-09 20:47:05.154839,up_down_bot,HIMS,BUY,233,32.3654,7541.1382
2026-01-09 20:47:05.160138,random_bot,NKE,SELL,112,65.61,7348.32
2026-01-09 20:47:05.172724,random_bot,HPQ,SELL,337,21.265,7166.305
2026-01-09 20:47:05.174377,up_down_bot,ABEV,BUY,2903,2.555,7417.165000000001
2026-01-09 20:47:05.177189,up_down_bot,VZ,SELL,178,40.715,7247.27
2026-01-09 20:47:05.177265,random_bot,PATH,BUY,491,16.24,7973.839999999999
2026-01-09 20:47:05.178872,up_down_bot,AUR,SELL,1417,4.735,6709.495000000001
2026-01-09 20:47:05.182678,random_bot,AVGO,SELL,20,346.1947,6923.894
2026-01-09 20:47:05.182721,up_down_bot,GOOGL,BUY,22,330.4291,7269.4402
2026-01-09 20:47:05.186968,up_down_bot,BAC,BUY,127,56.09,7123.43
2026-01-09 20:47:05.191187,random_bot,WMT,BUY,68,114.895,7812.86
2026-01-09 20:47:05.192119,up_down_bot,HL,SELL,371,22.455,8330.804999999998
2026-01-09 20:47:05.192653,random_bot,CMCSA,SELL,257,28.445,7310.365
2026-01-09 20:47:05.198418,random_bot,LUNR,BUY,397,19.29,7658.13
2026-01-09 20:47:05.198981,up_down_bot,QUBT,BUY,592,11.78,6973.759999999999
2026-01-09 20:47:05.210445,random_bot,STLA,BUY,694,10.82,7509.08
2026-01-09 20:47:05.210546,up_down_bot,AMD,BUY,33,204.87,6760.71
2026-01-09 20:47:05.215260,random_bot,UUUU,BUY,406,18.1202,7356.8012
2026-01-09 20:47:05.223767,up_down_bot,NKE,BUY,102,65.61,6692.22
2026-01-09 20:47:05.229615,up_down_bot,SNDK,BUY,17,379.09,6444.53
2026-01-09 20:47:05.230557,random_bot,CMG,SELL,166,39.795,6605.97
2026-01-09 20:47:05.234821,up_down_bot,HOOD,BUY,55,115.745,6365.975
2026-01-09 20:47:05.238832,up_down_bot,PATH,BUY,389,16.24,6317.36
2026-01-09 20:47:05.241429,random_bot,MSFT,SELL,13,478.8,6224.400000000001
2026-01-09 20:47:05.249772,up_down_bot,RXRX,BUY,1330,4.6527,6188.091
2026-01-09 20:47:05.263974,up_down_bot,AVGO,BUY,17,346.1947,5885.3099
2026-01-09 20:47:05.266349,up_down_bot,LUNR,BUY,308,19.29,5941.32
2026-01-09 20:47:05.269923,up_down_bot,UUUU,BUY,321,18.1202,5816.5842
2026-01-09 20:47:05.277412,up_down_bot,ITUB,BUY,768,7.4386,5712.8448
2026-01-09 20:47:05.280997,up_down_bot,GOOG,BUY,16,331.17,5298.72
2026-01-09 20:47:05.284415,up_down_bot,NLY,SELL,244,23.395,5708.38
2026-01-09 20:47:05.292717,up_down_bot,LRCX,BUY,25,218.33,5458.25
2026-01-09 20:47:05.305208,up_down_bot,IBRX,SELL,2431,2.345,5700.695000000001
2026-01-09 20:47:05.315399,up_down_bot,SLB,BUY,120,44.82,5378.4
2026-01-09 20:47:05.445412,stoch_bot,MARA,BUY,911,10.195,9287.645
2026-01-09 20:47:05.445563,stoch_bot,CIFR,BUY,547,16.625,9093.875
2026-01-09 20:47:05.456747,obv_bot,CRWV,BUY,183,80.15,14667.45
2026-01-09 20:47:05.457391,obv_bot,AMZN,BUY,58,246.83,14316.140000000001
2026-01-09 20:47:05.457722,obv_bot,GOOGL,BUY,42,330.4291,13878.0222
2026-01-09 20:47:05.457921,obv_bot,AVGO,BUY,40,346.1947,13847.788
2026-01-09 20:47:05.458220,obv_bot,WMT,BUY,118,114.895,13557.609999999999
2026-01-09 20:47:05.458428,obv_bot,KO,BUY,189,70.435,13312.215
2026-01-09 20:48:04.552111,random_bot,OPEN,BUY,1640,7.405,12144.2
2026-01-09 20:48:04.577536,random_bot,NVDA,BUY,64,185.955,11901.12
2026-01-09 20:48:04.693611,random_bot,APLD,SELL,321,38.1623,12250.098300000001
2026-01-09 20:48:04.907256,up_down_bot,NVDA,SELL,67,185.955,12458.985
2026-01-09 20:48:04.953820,random_bot,BBAI,BUY,1867,6.245,11659.415
2026-01-09 20:48:05.010733,random_bot,NFLX,BUY,128,89.235,11422.08
2026-01-09 20:48:05.022549,up_down_bot,COMP,SELL,905,13.005,11769.525000000001
2026-01-09 20:48:05.200749,up_down_bot,AAL,BUY,429,15.91,6825.39
2026-01-09 20:48:05.291609,random_bot,F,SELL,762,14.185,10808.970000000001
2026-01-09 20:48:05.305661,up_down_bot,NFLX,SELL,98,89.235,8745.03
2026-01-09 20:48:05.324396,random_bot,PLUG,SELL,4965,2.2299,11071.453500000001
2026-01-09 20:48:05.422561,random_bot,ACHR,SELL,1205,8.795,10597.975
2026-01-09 20:48:05.438936,tmf_bot,PLUG,BUY,4092,2.2299,9124.750800000002
2026-01-09 20:48:05.452612,random_bot,QBTS,BUY,385,29.06,11188.1
2026-01-09 20:48:05.460399,up_down_bot,F,BUY,471,14.185,6681.135
2026-01-09 20:48:05.463220,tmf_bot,GOOG,BUY,27,331.165,8941.455
2026-01-09 20:48:05.471431,up_down_bot,DNN,SELL,3185,3.275,10430.875
2026-01-09 20:48:05.471678,random_bot,SOFI,BUY,399,27.465,10958.535
2026-01-09 20:48:05.507522,random_bot,RGTI,BUY,425,25.26,10735.5
2026-01-09 20:48:05.507652,up_down_bot,NIO,BUY,1402,4.6766,6556.593199999999
2026-01-09 20:48:05.515263,random_bot,AGNC,BUY,918,11.48,10538.640000000001
2026-01-09 20:48:05.562727,random_bot,MARA,SELL,920,10.195,9379.4
2026-01-09 20:48:05.687365,up_down_bot,AGNC,BUY,559,11.48,6417.320000000001
2026-01-09 20:48:05.771437,random_bot,BMNR,BUY,338,30.5199,10315.7262
2026-01-09 20:48:06.006280,random_bot,AAPL,SELL,37,259.86,9614.82
2026-01-09 20:48:06.046588,up_down_bot,NOK,SELL,1481,6.4837,9602.359699999999
2026-01-09 20:48:06.062538,random_bot,NOK,BUY,1562,6.4837,10127.5394
2026-01-09 20:48:06.155507,random_bot,RIVN,SELL,550,19.1,10505.0
2026-01-09 20:48:06.247606,random_bot,MU,BUY,28,344.63,9649.64
2026-01-09 20:48:06.247702,up_down_bot,NVO,SELL,165,59.1,9751.5
2026-01-09 20:48:06.266890,random_bot,JOBY,SELL,597,15.4398,9217.5606
2026-01-09 20:48:06.285905,up_down_bot,RIVN,BUY,329,19.1,6283.900000000001
2026-01-09 20:48:06.490775,up_down_bot,MU,SELL,26,344.63,8960.38
2026-01-09 20:48:06.515415,random_bot,ASTS,SELL,96,99.09,9512.64
2026-01-09 20:48:06.562683,random_bot,CRWV,BUY,121,80.2181,9706.3901
2026-01-09 20:48:06.589570,up_down_bot,GRAB,SELL,1903,4.86,9248.58
2026-01-09 20:48:06.638434,random_bot,PFE,BUY,374,25.475,9527.65
2026-01-09 20:48:06.758287,random_bot,SMCI,SELL,295,30.5,8997.5
2026-01-09 20:48:06.781778,up_down_bot,VALE,SELL,636,13.975,8888.1
2026-01-09 20:48:06.825629,random_bot,BTG,SELL,2084,4.56,9503.039999999999
2026-01-09 20:48:06.890435,random_bot,YMM,SELL,841,10.42,8763.22
2026-01-09 20:48:06.906208,up_down_bot,AMZN,SELL,35,246.72,8635.2
2026-01-09 20:48:07.032901,up_down_bot,PFE,BUY,242,25.475,6164.950000000001
2026-01-09 20:48:07.070218,random_bot,BAC,BUY,166,56.085,9310.11
2026-01-09 20:48:07.094832,up_down_bot,RIG,BUY,1433,4.22,6047.259999999999
2026-01-09 20:48:07.172616,up_down_bot,SMCI,SELL,258,30.5,7869.0
2026-01-09 20:48:07.192783,up_down_bot,CLSK,SELL,660,11.68,7708.8
2026-01-09 20:48:07.239999,up_down_bot,BAC,SELL,127,56.085,7122.795
2026-01-09 20:48:07.292409,up_down_bot,CIFR,SELL,483,16.599,8017.317
2026-01-09 20:48:07.388809,random_bot,RKLB,BUY,107,85.385,9136.195
2026-01-09 20:48:07.405004,up_down_bot,HIMS,SELL,233,32.365,7541.045
2026-01-09 20:48:07.446326,random_bot,HIMS,SELL,267,32.365,8641.455
2026-01-09 20:48:07.539467,up_down_bot,T,BUY,245,24.155,5917.975
2026-01-09 20:48:07.559144,rsi_bot,F,BUY,754,14.185,10695.49
2026-01-09 20:48:07.559638,up_down_bot,GOOGL,SELL,22,330.3964,7268.720800000001
2026-01-09 20:48:07.589600,up_down_bot,CLF,SELL,668,12.745,8513.66
2026-01-09 20:48:07.591890,rsi_bot,SOUN,BUY,889,11.79,10481.31
2026-01-09 20:48:07.592000,random_bot,EXK,SELL,832,10.615,8831.68
2026-01-09 20:48:07.615465,rsi_bot,NIO,BUY,2196,4.6766,10269.8136
2026-01-09 20:48:07.659780,random_bot,AG,BUY,475,18.8784,8967.24
2026-01-09 20:48:07.659925,up_down_bot,SNDK,SELL,17,378.0,6426.0
2026-01-09 20:48:07.673022,rsi_bot,OKLO,BUY,95,105.3619,10009.380500000001
2026-01-09 20:48:07.673468,up_down_bot,AMD,SELL,33,204.84,6759.72
2026-01-09 20:48:07.740060,rsi_bot,RIG,BUY,2338,4.22,9866.359999999999
2026-01-09 20:48:07.839709,random_bot,EOSE,BUY,574,15.3199,8793.6226
2026-01-09 20:48:07.856210,up_down_bot,VZ,BUY,142,40.7187,5782.0554
2026-01-09 20:48:07.858856,rsi_bot,RKLB,BUY,113,85.385,9648.505000000001
2026-01-09 20:48:07.859640,random_bot,HBAN,SELL,465,18.245,8483.925000000001
2026-01-09 20:48:07.898615,up_down_bot,CMCSA,BUY,200,28.4558,5691.16
2026-01-09 20:48:07.905895,random_bot,T,SELL,344,24.155,8309.32
2026-01-09 20:48:07.906044,up_down_bot,WMT,SELL,68,114.89,7812.52
2026-01-09 20:48:07.956520,rsi_bot,EXK,BUY,892,10.615,9468.58
2026-01-09 20:48:07.963251,rsi_bot,HBAN,BUY,509,18.245,9286.705
2026-01-09 20:48:08.001367,up_down_bot,AVGO,SELL,17,346.17,5884.89
2026-01-09 20:48:08.007498,up_down_bot,STLA,BUY,514,10.855,5579.47
2026-01-09 20:48:08.007790,random_bot,GOOGL,BUY,26,330.3964,8590.306400000001
2026-01-09 20:48:08.041570,rsi_bot,UUUU,BUY,500,18.1732,9086.6
2026-01-09 20:48:08.122393,up_down_bot,ITUB,SELL,768,7.435,5710.08
2026-01-09 20:48:08.128114,up_down_bot,GOOG,SELL,16,331.165,5298.64
2026-01-09 20:48:08.245272,random_bot,SNDK,SELL,20,378.0,7560.0
2026-01-09 20:48:08.301325,random_bot,AMD,BUY,41,204.84,8398.44
2026-01-09 20:48:08.372754,random_bot,GGB,SELL,2061,3.95,8140.950000000001
2026-01-09 20:48:08.381329,up_down_bot,IBRX,BUY,2327,2.35,5468.45
2026-01-09 20:48:08.424065,random_bot,HPQ,BUY,389,21.265,8272.085000000001
2026-01-09 20:48:08.472548,random_bot,AUR,BUY,1714,4.735,8115.790000000001
2026-01-09 20:48:08.473439,up_down_bot,PATH,SELL,389,16.235,6315.415
2026-01-09 20:48:08.571895,up_down_bot,LRCX,SELL,25,218.11,5452.75
2026-01-09 20:48:08.597155,random_bot,RIOT,SELL,508,15.32,7782.56
2026-01-09 20:48:08.809455,random_bot,UUUU,SELL,406,18.1732,7378.319200000001
2026-01-09 20:48:08.954933,random_bot,BTE,BUY,2392,3.325,7953.400000000001
2026-01-09 20:48:09.045040,random_bot,GOOG,BUY,23,331.165,7616.795
2026-01-09 20:48:09.131750,random_bot,NLY,SELL,294,23.395,6878.13
2026-01-09 20:48:09.277754,random_bot,SLB,SELL,150,44.8235,6723.525000000001
2026-01-09 20:48:09.298686,random_bot,IBRX,SELL,2753,2.35,6469.55
2026-01-09 20:48:09.324588,random_bot,VST,BUY,45,167.15,7521.75
2026-01-09 20:48:09.455754,random_bot,PATH,SELL,491,16.235,7971.384999999999
2026-01-09 20:48:09.519121,random_bot,MSFT,BUY,15,478.94,7184.1
2026-01-09 20:48:09.547440,random_bot,LRCX,BUY,33,218.11,7197.63
2026-01-09 20:48:09.585833,random_bot,KO,BUY,102,70.4587,7186.787399999999
2026-01-09 20:48:09.966684,ema_crossover_bot,CRWV,BUY,159,80.2181,12754.6779
2026-01-09 20:48:10.315908,stoch_bot,NIO,BUY,1907,4.6766,8918.276199999998
2026-01-09 20:48:10.406387,macd_crossover_bot,JOBY,BUY,942,15.4398,14544.2916
2026-01-09 20:48:10.415301,macd_crossover_bot,AG,BUY,755,18.8784,14253.192
2026-01-09 20:48:10.444288,obv_bot,TSLA,BUY,29,446.225,12940.525000000001
2026-01-09 20:48:10.444768,obv_bot,KVUE,BUY,758,16.875,12791.25
2026-01-09 20:48:10.445108,obv_bot,PLUG,BUY,5622,2.2299,12536.497800000001
2026-01-09 20:48:10.445611,obv_bot,AMZN,SELL,58,246.72,14309.76
2026-01-09 20:48:10.446074,obv_bot,NVTS,BUY,1212,10.1324,12280.4688
2026-01-09 20:48:10.446428,obv_bot,GOOGL,SELL,42,330.3964,13876.6488
2026-01-09 20:48:10.446899,obv_bot,SNDK,SELL,43,378.0,16254.0
2026-01-09 20:48:10.447369,obv_bot,HPQ,SELL,725,21.265,15417.125
2026-01-09 20:48:10.447756,obv_bot,LUNR,BUY,623,19.3022,12025.2706
2026-01-09 20:48:10.448114,obv_bot,AVGO,SELL,40,346.17,13846.800000000001
2026-01-09 20:48:10.448502,obv_bot,MSFT,BUY,24,478.94,11494.56
2026-01-09 20:49:03.822945,up_down_bot,COMP,BUY,722,13.015,9396.83
2026-01-09 20:49:03.930778,up_down_bot,OPEN,SELL,1726,7.4028,12777.2328
2026-01-09 20:49:04.030733,up_down_bot,INTC,SELL,239,45.4359,10859.1801
2026-01-09 20:49:04.117326,up_down_bot,PLUG,SELL,4701,2.225,10459.725
2026-01-09 20:49:04.257979,random_bot,COMP,SELL,863,13.015,11231.945
2026-01-09 20:49:04.258100,up_down_bot,F,SELL,471,14.175,6676.425
2026-01-09 20:49:04.365852,random_bot,OPEN,SELL,1640,7.4028,12140.592
2026-01-09 20:49:04.375175,up_down_bot,RKT,BUY,403,22.825,9198.475
2026-01-09 20:49:04.395926,random_bot,BBAI,SELL,1867,6.25,11668.75
2026-01-09 20:49:04.434862,random_bot,SMR,SELL,553,20.67,11430.51
2026-01-09 20:49:04.435906,up_down_bot,TSLA,SELL,26,445.98,11595.48
2026-01-09 20:49:04.455459,tmf_bot,BMNR,BUY,286,30.62,8757.32
2026-01-09 20:49:04.480186,rsi_bot,IREN,BUY,189,47.025,8887.725
2026-01-09 20:49:04.526401,rsi_bot,VALE,BUY,625,13.9854,8740.875
2026-01-09 20:49:04.583654,tmf_bot,NU,SELL,556,17.415,9682.74
2026-01-09 20:49:04.583744,random_bot,ONDS,BUY,803,14.105,11326.315
2026-01-09 20:49:04.583800,up_down_bot,NIO,SELL,1402,4.6714,6549.3028
2026-01-09 20:49:04.678304,up_down_bot,SOFI,SELL,365,27.415,10006.475
2026-01-09 20:49:04.688501,tmf_bot,AMD,SELL,46,204.8,9420.800000000001
2026-01-09 20:49:04.847021,up_down_bot,MARA,SELL,927,10.19,9446.13
2026-01-09 20:49:04.872462,random_bot,KVUE,BUY,657,16.885,11093.445000000002
2026-01-09 20:49:04.891388,up_down_bot,PLTR,SELL,49,177.4,8692.6
2026-01-09 20:49:04.905949,rsi_bot,AG,SELL,921,18.865,17374.664999999997
2026-01-09 20:49:04.936529,rsi_bot,IBRX,BUY,3638,2.355,8567.49
2026-01-09 20:49:04.949437,up_down_bot,AGNC,SELL,559,11.4734,6413.6305999999995
2026-01-09 20:49:04.956917,random_bot,UWMC,BUY,2059,5.285,10881.815
2026-01-09 20:49:04.967336,up_down_bot,GRAB,BUY,1856,4.865,9029.44
2026-01-09 20:49:04.974240,random_bot,NVDA,SELL,64,185.945,11900.48
2026-01-09 20:49:05.015164,up_down_bot,IREN,SELL,236,47.025,11097.9
2026-01-09 20:49:05.066058,random_bot,NFLX,SELL,128,89.185,11415.68
2026-01-09 20:49:05.119105,up_down_bot,NOK,BUY,1364,6.485,8845.54
2026-01-09 20:49:05.127028,random_bot,PLUG,BUY,4793,2.225,10664.425000000001
2026-01-09 20:49:05.176236,up_down_bot,NVO,BUY,146,59.105,8629.33
2026-01-09 20:49:05.191551,random_bot,NIO,SELL,2221,4.6714,10375.1794
2026-01-09 20:49:05.282767,random_bot,SOUN,BUY,886,11.795,10450.37
2026-01-09 20:49:05.282871,up_down_bot,MU,BUY,24,344.72,8273.28
2026-01-09 20:49:05.385327,random_bot,QBTS,SELL,385,29.08,11195.8
2026-01-09 20:49:05.385497,random_bot,SNAP,SELL,1236,8.225,10166.1
2026-01-09 20:49:05.476339,up_down_bot,MSTR,SELL,54,157.45,8502.3
2026-01-09 20:49:05.582566,random_bot,PLTR,SELL,49,177.4,8692.6
2026-01-09 20:49:05.592155,up_down_bot,VALE,BUY,596,13.9854,8335.2984
2026-01-09 20:49:05.641587,up_down_bot,ASTS,SELL,69,99.025,6832.725
2026-01-09 20:49:05.652755,up_down_bot,CIFR,BUY,491,16.615,8157.964999999999
2026-01-09 20:49:05.682397,random_bot,AGNC,SELL,918,11.4734,10532.5812
2026-01-09 20:49:05.779732,random_bot,PFE,SELL,374,25.48,9529.52
2026-01-09 20:49:05.794741,up_down_bot,CDE,SELL,395,20.32,8026.400000000001
2026-01-09 20:49:05.831977,sma_crossover_bot,ACHR,BUY,1748,8.8077,15395.859600000002
2026-01-09 20:49:05.857266,up_down_bot,CLSK,BUY,684,11.695,7999.38
2026-01-09 20:49:05.874284,sma_crossover_bot,NIO,SELL,4019,4.6714,18774.3566
2026-01-09 20:49:05.891843,up_down_bot,ABEV,SELL,2903,2.5502,7403.2306
2026-01-09 20:49:05.904291,sma_crossover_bot,CRWV,BUY,187,80.32,15019.839999999998
2026-01-09 20:49:05.925580,random_bot,MSTR,BUY,65,157.45,10234.25
2026-01-09 20:49:05.983448,up_down_bot,AG,SELL,401,18.865,7564.865
2026-01-09 20:49:06.009449,up_down_bot,GOOGL,BUY,23,330.4,7599.2
2026-01-09 20:49:06.031245,random_bot,AMZN,BUY,40,246.71,9868.4
2026-01-09 20:49:06.058865,up_down_bot,SNDK,BUY,20,378.25,7565.0
2026-01-09 20:49:06.158694,random_bot,RKLB,SELL,107,85.399,9137.693
2026-01-09 20:49:06.170429,random_bot,PSLV,SELL,369,26.47,9767.43
2026-01-09 20:49:06.183663,up_down_bot,T,SELL,245,24.15,5916.75
2026-01-09 20:49:06.193151,random_bot,NU,BUY,565,17.415,9839.475
2026-01-09 20:49:06.208097,up_down_bot,AVGO,BUY,21,346.2484,7271.2164
2026-01-09 20:49:06.217131,random_bot,CIFR,BUY,580,16.615,9636.699999999999
2026-01-09 20:49:06.269747,random_bot,RIVN,BUY,494,19.1,9435.400000000001
2026-01-09 20:49:06.294430,up_down_bot,AUR,BUY,1559,4.745,7397.455
2026-01-09 20:49:06.338682,up_down_bot,LUNR,SELL,308,19.255,5930.54
2026-01-09 20:49:06.343035,random_bot,ORCL,BUY,46,200.09,9204.14
2026-01-09 20:49:06.343110,up_down_bot,PATH,BUY,446,16.24,7243.039999999999
2026-01-09 20:49:06.411028,random_bot,CRWV,SELL,121,80.32,9718.72
2026-01-09 20:49:06.420434,up_down_bot,NKE,SELL,102,65.605,6691.71
2026-01-09 20:49:06.425930,up_down_bot,STLA,SELL,514,10.8401,5571.8114
2026-01-09 20:49:06.444878,random_bot,CLSK,BUY,776,11.695,9075.32
2026-01-09 20:49:06.486937,up_down_bot,UUUU,SELL,321,18.13,5819.73
2026-01-09 20:49:06.490934,up_down_bot,SLB,SELL,120,44.805,5376.6
2026-01-09 20:49:06.509693,random_bot,ABEV,BUY,3488,2.5502,8895.0976
2026-01-09 20:49:06.580251,ema_crossover_bot,T,SELL,612,24.15,14779.8
2026-01-09 20:49:06.588948,random_bot,GOOGL,SELL,26,330.4,8590.4
2026-01-09 20:49:06.588995,up_down_bot,VST,BUY,42,167.2001,7022.4042
2026-01-09 20:49:06.603210,up_down_bot,CMG,SELL,193,39.7701,7675.6293
2026-01-09 20:49:06.615771,random_bot,EXK,BUY,820,10.62,8708.4
2026-01-09 20:49:06.633104,random_bot,HIMS,BUY,264,32.365,8544.36
2026-01-09 20:49:06.680998,random_bot,CLF,BUY,657,12.745,8373.465
2026-01-09 20:49:06.716399,random_bot,SNDK,BUY,21,378.25,7943.25
2026-01-09 20:49:06.729469,random_bot,AMD,SELL,41,204.8,8396.800000000001
2026-01-09 20:49:06.733740,random_bot,RIOT,BUY,524,15.335,8035.540000000001
2026-01-09 20:49:06.736555,random_bot,GGB,BUY,1996,3.95,7884.200000000001
2026-01-09 20:49:06.752259,random_bot,EOSE,SELL,574,15.35,8810.9
2026-01-09 20:49:06.758632,macd_crossover_bot,ONDS,BUY,990,14.105,13963.95
2026-01-09 20:49:06.779812,macd_crossover_bot,QBTS,BUY,470,29.08,13667.599999999999
2026-01-09 20:49:06.784772,random_bot,AVGO,BUY,22,346.2484,7617.4648
2026-01-09 20:49:06.785049,macd_crossover_bot,RGTI,BUY,530,25.319,13419.07
2026-01-09 20:49:06.794106,random_bot,HOOD,BUY,65,115.83,7528.95
2026-01-09 20:49:06.796676,macd_crossover_bot,AUR,BUY,2772,4.745,13153.14
2026-01-09 20:49:06.813813,random_bot,QUBT,BUY,628,11.82,7422.96
2026-01-09 20:49:06.814266,random_bot,AUR,SELL,1714,4.745,8132.93
2026-01-09 20:49:06.816427,random_bot,BTE,SELL,2392,3.325,7953.400000000001
2026-01-09 20:49:06.827098,random_bot,CMCSA,BUY,255,28.465,7258.575
2026-01-09 20:49:06.842801,random_bot,NKE,BUY,108,65.605,7085.34
2026-01-09 20:49:06.855900,stoch_bot,AUR,SELL,2555,4.745,12123.475
2026-01-09 20:49:06.855973,random_bot,UUUU,BUY,385,18.13,6980.049999999999
2026-01-09 20:49:06.889894,random_bot,ITUB,BUY,921,7.435,6847.634999999999
2026-01-09 20:49:06.892722,random_bot,LRCX,SELL,33,218.095,7197.135
2026-01-09 20:49:06.897437,random_bot,NLY,BUY,286,23.395,6690.97
2026-01-09 20:49:06.899342,random_bot,IBRX,BUY,2794,2.355,6579.87
2026-01-09 20:49:06.900563,random_bot,KO,SELL,102,70.475,7188.45
2026-01-09 20:49:06.902600,random_bot,CMG,BUY,162,39.7701,6442.7562
2026-01-09 20:49:06.920496,obv_bot,NFLX,SELL,161,89.185,14358.785
2026-01-09 20:49:06.921018,obv_bot,SMCI,SELL,591,30.4924,18021.0084
2026-01-09 20:49:06.921280,obv_bot,AVGO,BUY,37,346.2484,12811.1908
2026-01-09 20:49:06.921567,obv_bot,LUNR,SELL,623,19.255,11995.865
2026-01-09 20:49:06.921734,obv_bot,GOOG,SELL,43,331.16,14239.880000000001
2026-01-09 20:50:02.925518,random_bot,TSLA,BUY,23,446.23,10263.29
2026-01-09 20:50:02.932976,up_down_bot,TSLA,BUY,23,446.23,10263.29
2026-01-09 20:50:03.002975,random_bot,OPEN,BUY,1405,7.41,10411.050000000001
2026-01-09 20:50:03.031992,random_bot,AAL,BUY,640,15.94,10201.6
2026-01-09 20:50:03.060364,up_down_bot,OPEN,BUY,1413,7.41,10470.33
2026-01-09 20:50:03.065101,random_bot,ONDS,SELL,803,14.0801,11306.3203
2026-01-09 20:50:03.090730,up_down_bot,BBAI,SELL,1929,6.2498,12055.8642
2026-01-09 20:50:03.124800,random_bot,INTC,SELL,244,45.42,11082.48
2026-01-09 20:50:03.128129,up_down_bot,PLUG,BUY,4604,2.23,10266.92
2026-01-09 20:50:03.128435,random_bot,ACHR,BUY,1136,8.805,10002.48
2026-01-09 20:50:03.133475,up_down_bot,ONDS,SELL,790,14.0801,11123.279
2026-01-09 20:50:03.173591,up_down_bot,KVUE,SELL,538,16.865,9073.369999999999
2026-01-09 20:50:03.206551,random_bot,QBTS,BUY,337,29.09,9803.33
2026-01-09 20:50:03.262026,up_down_bot,ACHR,SELL,1290,8.805,11358.449999999999
2026-01-09 20:50:03.263566,rsi_bot,MARA,BUY,857,10.2032,8744.1424
2026-01-09 20:50:03.410346,up_down_bot,DNN,BUY,3067,3.28,10059.76
2026-01-09 20:50:03.435041,random_bot,SOFI,SELL,399,27.4054,10934.7546
2026-01-09 20:50:03.453020,up_down_bot,IREN,BUY,209,47.129,9849.961
2026-01-09 20:50:03.492650,rsi_bot,CRWV,SELL,239,80.24,19177.36
2026-01-09 20:50:03.496609,rsi_bot,T,BUY,354,24.155,8550.87
2026-01-09 20:50:03.496758,up_down_bot,OKLO,SELL,91,105.77,9625.07
2026-01-09 20:50:03.545593,random_bot,COMP,BUY,738,13.015,9605.07
2026-01-09 20:50:03.574620,random_bot,SNAP,BUY,1144,8.225,9409.4
2026-01-09 20:50:03.578492,rsi_bot,RXRX,BUY,1802,4.66,8397.32
2026-01-09 20:50:03.610504,up_down_bot,NIO,BUY,2067,4.675,9663.225
2026-01-09 20:50:03.654746,random_bot,AGNC,BUY,804,11.4701,9221.9604
2026-01-09 20:50:03.676874,rsi_bot,VST,BUY,49,167.4,8202.6
2026-01-09 20:50:03.692510,random_bot,NIO,BUY,1934,4.675,9041.449999999999
2026-01-09 20:50:03.706195,random_bot,PLTR,BUY,49,177.415,8693.335
2026-01-09 20:50:03.714447,up_down_bot,PLTR,BUY,53,177.415,9402.994999999999
2026-01-09 20:50:03.766896,up_down_bot,BMNR,SELL,328,30.57,10026.960000000001
2026-01-09 20:50:03.779744,up_down_bot,RIVN,SELL,329,19.095,6282.254999999999
2026-01-09 20:50:03.784197,random_bot,BMNR,SELL,338,30.57,10332.66
2026-01-09 20:50:03.808642,up_down_bot,PFE,SELL,242,25.475,6164.950000000001
2026-01-09 20:50:03.809633,random_bot,MSTR,SELL,65,157.4414,10233.690999999999
2026-01-09 20:50:03.843118,random_bot,NOK,SELL,1562,6.4855,10130.351
2026-01-09 20:50:03.881661,up_down_bot,MARA,BUY,909,10.2032,9274.7088
2026-01-09 20:50:03.902457,random_bot,MARA,BUY,851,10.2032,8682.923200000001
2026-01-09 20:50:03.917346,random_bot,AAPL,BUY,32,259.96,8318.72
2026-01-09 20:50:03.960353,up_down_bot,VALE,SELL,596,13.98,8332.08
2026-01-09 20:50:03.988346,up_down_bot,BTG,BUY,1992,4.565,9093.480000000001
2026-01-09 20:50:04.023051,random_bot,BTG,BUY,1829,4.565,8349.385
2026-01-09 20:50:04.029848,random_bot,NVTS,BUY,806,10.15,8180.900000000001
2026-01-09 20:50:04.077919,random_bot,RKLB,BUY,93,85.42,7944.06
2026-01-09 20:50:04.097509,up_down_bot,NVTS,SELL,826,10.15,8383.9
2026-01-09 20:50:04.110325,random_bot,PSLV,BUY,296,26.48,7838.08
2026-01-09 20:50:04.121380,up_down_bot,BBD,BUY,2572,3.465,8911.98
2026-01-09 20:50:04.126311,random_bot,CRWV,BUY,96,80.24,7703.039999999999
2026-01-09 20:50:04.155259,random_bot,CIFR,SELL,580,16.63,9645.4
2026-01-09 20:50:04.194098,up_down_bot,ASTS,BUY,87,99.3,8639.1
2026-01-09 20:50:04.195364,random_bot,CDE,SELL,461,20.3273,9370.8853
2026-01-09 20:50:04.212054,random_bot,AMZN,SELL,40,246.745,9869.8
2026-01-09 20:50:04.220808,up_down_bot,CRWV,SELL,117,80.24,9388.08
2026-01-09 20:50:04.269686,up_down_bot,CDE,BUY,421,20.3273,8557.793300000001
2026-01-09 20:50:04.299845,random_bot,HIMS,SELL,264,32.3359,8536.6776
2026-01-09 20:50:04.307089,up_down_bot,AMZN,BUY,34,246.745,8389.33
2026-01-09 20:50:04.336893,random_bot,RIG,SELL,2181,4.225,9214.724999999999
2026-01-09 20:50:04.360561,up_down_bot,ABEV,BUY,3219,2.555,8224.545
2026-01-09 20:50:04.360701,random_bot,ORCL,SELL,46,199.7,9186.199999999999
2026-01-09 20:50:04.375267,up_down_bot,ORCL,SELL,43,199.7,8587.1
2026-01-09 20:50:04.418636,random_bot,EXK,SELL,820,10.63,8716.6
2026-01-09 20:50:04.424978,random_bot,T,BUY,312,24.155,7536.360000000001
2026-01-09 20:50:04.425032,up_down_bot,T,BUY,333,24.155,8043.615000000001
2026-01-09 20:50:04.501866,random_bot,SNDK,SELL,21,378.8529,7955.9109
2026-01-09 20:50:04.501922,up_down_bot,HBAN,SELL,353,18.245,6440.485000000001
2026-01-09 20:50:04.513662,up_down_bot,GOOGL,SELL,23,330.37,7598.51
2026-01-09 20:50:04.564610,up_down_bot,AG,BUY,418,18.8801,7891.881799999999
2026-01-09 20:50:04.567417,random_bot,GOOGL,BUY,22,330.37,7268.14
2026-01-09 20:50:04.576358,up_down_bot,EOSE,SELL,838,15.3146,12833.6348
2026-01-09 20:50:04.593680,ema_crossover_bot,AG,BUY,678,18.8801,12800.707799999998
2026-01-09 20:50:04.607117,up_down_bot,QUBT,SELL,592,11.815,6994.48
